{
  "symbol": "ENPH",
  "annualReports": [
    {
      "fiscalDateEnding": "2025-12-31",
      "reportedCurrency": "None",
      "grossProfit": "687004000",
      "totalRevenue": "1472985000",
      "costOfRevenue": "785981000",
      "costofGoodsAndServicesSold": "785981000",
      "operatingIncome": "164657000",
      "sellingGeneralAndAdministrative": "135767000",
      "researchAndDevelopment": "189075000",
      "operatingExpenses": "522347000",
      "investmentIncomeNet": "None",
      "netInterestIncome": "None",
      "interestIncome": "None",
      "interestExpense": "4521000",
      "nonInterestIncome": "None",
      "otherNonOperatingIncome": "None",
      "depreciation": "None",
      "depreciationAndAmortization": "80645000",
      "incomeBeforeTax": "204814000",
      "incomeTaxExpense": "32680999",
      "interestAndDebtExpense": "None",
      "netIncomeFromContinuingOperations": "None",
      "comprehensiveIncomeNetOfTax": "None",
      "ebit": "209335000",
      "ebitda": "289980000",
      "netIncome": "172133000"
    },
    {
      "fiscalDateEnding": "2024-12-31",
      "reportedCurrency": "USD",
      "grossProfit": "629138000",
      "totalRevenue": "1330383000",
      "costOfRevenue": "701245000",
      "costofGoodsAndServicesSold": "701245000",
      "operatingIncome": "77292000",
      "sellingGeneralAndAdministrative": "130825000",
      "researchAndDevelopment": "201315000",
      "operatingExpenses": "551846000",
      "investmentIncomeNet": "None",
      "netInterestIncome": "68401000",
      "interestIncome": "77306000",
      "interestExpense": "8905000",
      "nonInterestIncome": "None",
      "otherNonOperatingIncome": "None",
      "depreciation": "None",
      "depreciationAndAmortization": "81389000",
      "incomeBeforeTax": "120159000",
      "incomeTaxExpense": "17501000",
      "interestAndDebtExpense": "None",
      "netIncomeFromContinuingOperations": "102658000",
      "comprehensiveIncomeNetOfTax": "None",
      "ebit": "129064000",
      "ebitda": "210453000",
      "netIncome": "102658000"
    },
    {
      "fiscalDateEnding": "2023-12-31",
      "reportedCurrency": "USD",
      "grossProfit": "1058388000",
      "totalRevenue": "2290786000",
      "costOfRevenue": "1232398000",
      "costofGoodsAndServicesSold": "1232398000",
      "operatingIncome": "445741000",
      "sellingGeneralAndAdministrative": "137835000",
      "researchAndDevelopment": "227336000",
      "operatingExpenses": "612647000",
      "investmentIncomeNet": "None",
      "netInterestIncome": "49105000",
      "interestIncome": "57955000",
      "interestExpense": "8839000",
      "nonInterestIncome": "None",
      "otherNonOperatingIncome": "None",
      "depreciation": "None",
      "depreciationAndAmortization": "74708000",
      "incomeBeforeTax": "513139000",
      "incomeTaxExpense": "-74203000",
      "interestAndDebtExpense": "None",
      "netIncomeFromContinuingOperations": "571770000",
      "comprehensiveIncomeNetOfTax": "None",
      "ebit": "445741000",
      "ebitda": "445741000",
      "netIncome": "438936000"
    },
    {
      "fiscalDateEnding": "2022-12-31",
      "reportedCurrency": "USD",
      "grossProfit": "974595000",
      "totalRevenue": "2330853000",
      "costOfRevenue": "1356258000",
      "costofGoodsAndServicesSold": "1356258000",
      "operatingIncome": "448261000",
      "sellingGeneralAndAdministrative": "140002000",
      "researchAndDevelopment": "168846000",
      "operatingExpenses": "526334000",
      "investmentIncomeNet": "None",
      "netInterestIncome": "4218000",
      "interestIncome": "13656000",
      "interestExpense": "9438000",
      "nonInterestIncome": "None",
      "otherNonOperatingIncome": "13225000",
      "depreciation": "None",
      "depreciationAndAmortization": "58775000",
      "incomeBeforeTax": "452048000",
      "incomeTaxExpense": "54686000",
      "interestAndDebtExpense": "None",
      "netIncomeFromContinuingOperations": "397362000",
      "comprehensiveIncomeNetOfTax": "None",
      "ebit": "461486000",
      "ebitda": "520261000",
      "netIncome": "397362000"
    },
    {
      "fiscalDateEnding": "2021-12-31",
      "reportedCurrency": "USD",
      "grossProfit": "554422000",
      "totalRevenue": "1382049000",
      "costOfRevenue": "827627000",
      "costofGoodsAndServicesSold": "827627000",
      "operatingIncome": "215832000",
      "sellingGeneralAndAdministrative": "104090000",
      "researchAndDevelopment": "105526000",
      "operatingExpenses": "338590000",
      "investmentIncomeNet": "None",
      "netInterestIncome": "-44457000",
      "interestIncome": "695000",
      "interestExpense": "45152000",
      "nonInterestIncome": "None",
      "otherNonOperatingIncome": "-49752000",
      "depreciation": "None",
      "depreciationAndAmortization": "30846000",
      "incomeBeforeTax": "120928000",
      "incomeTaxExpense": "-24521000",
      "interestAndDebtExpense": "None",
      "netIncomeFromContinuingOperations": "145449000",
      "comprehensiveIncomeNetOfTax": "None",
      "ebit": "166080000",
      "ebitda": "196926000",
      "netIncome": "145449000"
    },
    {
      "fiscalDateEnding": "2020-12-31",
      "reportedCurrency": "USD",
      "grossProfit": "345981000",
      "totalRevenue": "774425000",
      "costOfRevenue": "428444000",
      "costofGoodsAndServicesSold": "428444000",
      "operatingIncome": "186439000",
      "sellingGeneralAndAdministrative": "50694000",
      "researchAndDevelopment": "55921000",
      "operatingExpenses": "159542000",
      "investmentIncomeNet": "None",
      "netInterestIncome": "-18845000",
      "interestIncome": "2156000",
      "interestExpense": "21001000",
      "nonInterestIncome": "None",
      "otherNonOperatingIncome": "-46028000",
      "depreciation": "None",
      "depreciationAndAmortization": "18103000",
      "incomeBeforeTax": "119410000",
      "incomeTaxExpense": "-14585000",
      "interestAndDebtExpense": "None",
      "netIncomeFromContinuingOperations": "133995000",
      "comprehensiveIncomeNetOfTax": "None",
      "ebit": "140411000",
      "ebitda": "158514000",
      "netIncome": "133995000"
    },
    {
      "fiscalDateEnding": "2019-12-31",
      "reportedCurrency": "USD",
      "grossProfit": "221245000",
      "totalRevenue": "624333000",
      "costOfRevenue": "403088000",
      "costofGoodsAndServicesSold": "403088000",
      "operatingIncome": "102729000",
      "sellingGeneralAndAdministrative": "38808000",
      "researchAndDevelopment": "40381000",
      "operatingExpenses": "118516000",
      "investmentIncomeNet": "None",
      "netInterestIncome": "-7178000",
      "interestIncome": "2513000",
      "interestExpense": "9691000",
      "nonInterestIncome": "None",
      "otherNonOperatingIncome": "-2924000",
      "depreciation": "None",
      "depreciationAndAmortization": "14119000",
      "incomeBeforeTax": "90114000",
      "incomeTaxExpense": "-71034000",
      "interestAndDebtExpense": "None",
      "netIncomeFromContinuingOperations": "161148000",
      "comprehensiveIncomeNetOfTax": "None",
      "ebit": "99805000",
      "ebitda": "113924000",
      "netIncome": "161148000"
    },
    {
      "fiscalDateEnding": "2018-12-31",
      "reportedCurrency": "USD",
      "grossProfit": "94445000",
      "totalRevenue": "316159000",
      "costOfRevenue": "221714000",
      "costofGoodsAndServicesSold": "221714000",
      "operatingIncome": "1596000",
      "sellingGeneralAndAdministrative": "29086000",
      "researchAndDevelopment": "32587000",
      "operatingExpenses": "92849000",
      "investmentIncomeNet": "None",
      "netInterestIncome": "-9635000",
      "interestIncome": "9635000",
      "interestExpense": "9635000",
      "nonInterestIncome": "None",
      "otherNonOperatingIncome": "None",
      "depreciation": "None",
      "depreciationAndAmortization": "9667000",
      "incomeBeforeTax": "-10229000",
      "incomeTaxExpense": "1398000",
      "interestAndDebtExpense": "None",
      "netIncomeFromContinuingOperations": "-11627000",
      "comprehensiveIncomeNetOfTax": "None",
      "ebit": "464000",
      "ebitda": "10131000",
      "netIncome": "-11627000"
    },
    {
      "fiscalDateEnding": "2017-12-31",
      "reportedCurrency": "USD",
      "grossProfit": "56043000",
      "totalRevenue": "286166000",
      "costOfRevenue": "230123000",
      "costofGoodsAndServicesSold": "230123000",
      "operatingIncome": "-39378000",
      "sellingGeneralAndAdministrative": "22221000",
      "researchAndDevelopment": "33157000",
      "operatingExpenses": "95421000",
      "investmentIncomeNet": "None",
      "netInterestIncome": "-7936000",
      "interestIncome": "7936000",
      "interestExpense": "7936000",
      "nonInterestIncome": "None",
      "otherNonOperatingIncome": "1973000",
      "depreciation": "None",
      "depreciationAndAmortization": "9004000",
      "incomeBeforeTax": "-45341000",
      "incomeTaxExpense": "-149000",
      "interestAndDebtExpense": "None",
      "netIncomeFromContinuingOperations": "-45192000",
      "comprehensiveIncomeNetOfTax": "None",
      "ebit": "-37129000",
      "ebitda": "-28125000",
      "netIncome": "-45192000"
    },
    {
      "fiscalDateEnding": "2016-12-31",
      "reportedCurrency": "USD",
      "grossProfit": "58008000",
      "totalRevenue": "322591000",
      "costOfRevenue": "264583000",
      "costofGoodsAndServicesSold": "264583000",
      "operatingIncome": "-62700000",
      "sellingGeneralAndAdministrative": "27418000",
      "researchAndDevelopment": "50703000",
      "operatingExpenses": "120708000",
      "investmentIncomeNet": "None",
      "netInterestIncome": "-2773000",
      "interestIncome": "2773000",
      "interestExpense": "2773000",
      "nonInterestIncome": "None",
      "otherNonOperatingIncome": "-514000",
      "depreciation": "None",
      "depreciationAndAmortization": "10638000",
      "incomeBeforeTax": "-65987000",
      "incomeTaxExpense": "1475000",
      "interestAndDebtExpense": "None",
      "netIncomeFromContinuingOperations": "-67462000",
      "comprehensiveIncomeNetOfTax": "None",
      "ebit": "-63214000",
      "ebitda": "-52576000",
      "netIncome": "-67462000"
    },
    {
      "fiscalDateEnding": "2015-12-31",
      "reportedCurrency": "USD",
      "grossProfit": "108217000",
      "totalRevenue": "357249000",
      "costOfRevenue": "249032000",
      "costofGoodsAndServicesSold": "249032000",
      "operatingIncome": "-19309000",
      "sellingGeneralAndAdministrative": "30830000",
      "researchAndDevelopment": "50819000",
      "operatingExpenses": "127526000",
      "investmentIncomeNet": "None",
      "netInterestIncome": "None",
      "interestIncome": "501000",
      "interestExpense": "501000",
      "nonInterestIncome": "None",
      "otherNonOperatingIncome": "-893000",
      "depreciation": "None",
      "depreciationAndAmortization": "10539000",
      "incomeBeforeTax": "-20703000",
      "incomeTaxExpense": "1379000",
      "interestAndDebtExpense": "None",
      "netIncomeFromContinuingOperations": "-22082000",
      "comprehensiveIncomeNetOfTax": "None",
      "ebit": "-20202000",
      "ebitda": "-9663000",
      "netIncome": "-22082000"
    },
    {
      "fiscalDateEnding": "2014-12-31",
      "reportedCurrency": "USD",
      "grossProfit": "113043000",
      "totalRevenue": "343904000",
      "costOfRevenue": "230861000",
      "costofGoodsAndServicesSold": "230861000",
      "operatingIncome": "-4429000",
      "sellingGeneralAndAdministrative": "31083000",
      "researchAndDevelopment": "45386000",
      "operatingExpenses": "117472000",
      "investmentIncomeNet": "None",
      "netInterestIncome": "None",
      "interestIncome": "None",
      "interestExpense": "1863000",
      "nonInterestIncome": "None",
      "otherNonOperatingIncome": "-994000",
      "depreciation": "None",
      "depreciationAndAmortization": "8259000",
      "incomeBeforeTax": "-7286000",
      "incomeTaxExpense": "766000",
      "interestAndDebtExpense": "None",
      "netIncomeFromContinuingOperations": "-8052000",
      "comprehensiveIncomeNetOfTax": "None",
      "ebit": "-5423000",
      "ebitda": "2836000",
      "netIncome": "-8052000"
    },
    {
      "fiscalDateEnding": "2013-12-31",
      "reportedCurrency": "USD",
      "grossProfit": "67416000",
      "totalRevenue": "232846000",
      "costOfRevenue": "165430000",
      "costofGoodsAndServicesSold": "165430000",
      "operatingIncome": "-22158000",
      "sellingGeneralAndAdministrative": "23970000",
      "researchAndDevelopment": "34524000",
      "operatingExpenses": "89574000",
      "investmentIncomeNet": "None",
      "netInterestIncome": "None",
      "interestIncome": "None",
      "interestExpense": "2055000",
      "nonInterestIncome": "None",
      "otherNonOperatingIncome": "-837000",
      "depreciation": "None",
      "depreciationAndAmortization": "6981000",
      "incomeBeforeTax": "-25050000",
      "incomeTaxExpense": "863000",
      "interestAndDebtExpense": "None",
      "netIncomeFromContinuingOperations": "-25913000",
      "comprehensiveIncomeNetOfTax": "None",
      "ebit": "-22995000",
      "ebitda": "-16014000",
      "netIncome": "-25913000"
    },
    {
      "fiscalDateEnding": "2012-12-31",
      "reportedCurrency": "USD",
      "grossProfit": "55288000",
      "totalRevenue": "216678000",
      "costOfRevenue": "161390000",
      "costofGoodsAndServicesSold": "161390000",
      "operatingIncome": "-31161000",
      "sellingGeneralAndAdministrative": "24875000",
      "researchAndDevelopment": "35601000",
      "operatingExpenses": "86449000",
      "investmentIncomeNet": "None",
      "netInterestIncome": "None",
      "interestIncome": "None",
      "interestExpense": "6436000",
      "nonInterestIncome": "None",
      "otherNonOperatingIncome": "30000",
      "depreciation": "None",
      "depreciationAndAmortization": "5568000",
      "incomeBeforeTax": "-37567000",
      "incomeTaxExpense": "651000",
      "interestAndDebtExpense": "None",
      "netIncomeFromContinuingOperations": "-38218000",
      "comprehensiveIncomeNetOfTax": "None",
      "ebit": "-31131000",
      "ebitda": "-25563000",
      "netIncome": "-38218000"
    },
    {
      "fiscalDateEnding": "2011-12-31",
      "reportedCurrency": "USD",
      "grossProfit": "29069000",
      "totalRevenue": "149523000",
      "costOfRevenue": "120454000",
      "costofGoodsAndServicesSold": "120454000",
      "operatingIncome": "-28712000",
      "sellingGeneralAndAdministrative": "15228000",
      "researchAndDevelopment": "25099000",
      "operatingExpenses": "57781000",
      "investmentIncomeNet": "None",
      "netInterestIncome": "None",
      "interestIncome": "None",
      "interestExpense": "3006000",
      "nonInterestIncome": "None",
      "otherNonOperatingIncome": "None",
      "depreciation": "None",
      "depreciationAndAmortization": "3032000",
      "incomeBeforeTax": "-32290000",
      "incomeTaxExpense": "32290000",
      "interestAndDebtExpense": "None",
      "netIncomeFromContinuingOperations": "None",
      "comprehensiveIncomeNetOfTax": "None",
      "ebit": "-29284000",
      "ebitda": "-26252000",
      "netIncome": "-32290000"
    },
    {
      "fiscalDateEnding": "2010-12-31",
      "reportedCurrency": "USD",
      "grossProfit": "6502000",
      "totalRevenue": "61661000",
      "costOfRevenue": "55159000",
      "costofGoodsAndServicesSold": "55159000",
      "operatingIncome": "-20717000",
      "sellingGeneralAndAdministrative": "6365000",
      "researchAndDevelopment": "14296000",
      "operatingExpenses": "27219000",
      "investmentIncomeNet": "None",
      "netInterestIncome": "None",
      "interestIncome": "None",
      "interestExpense": "914000",
      "nonInterestIncome": "None",
      "otherNonOperatingIncome": "None",
      "depreciation": "None",
      "depreciationAndAmortization": "1550000",
      "incomeBeforeTax": "-21777000",
      "incomeTaxExpense": "21777000",
      "interestAndDebtExpense": "None",
      "netIncomeFromContinuingOperations": "None",
      "comprehensiveIncomeNetOfTax": "None",
      "ebit": "-20863000",
      "ebitda": "-19313000",
      "netIncome": "-21777000"
    },
    {
      "fiscalDateEnding": "2009-12-31",
      "reportedCurrency": "USD",
      "grossProfit": "-3029000",
      "totalRevenue": "20194000",
      "costOfRevenue": "23223000",
      "costofGoodsAndServicesSold": "23223000",
      "operatingIncome": "-16694000",
      "sellingGeneralAndAdministrative": "2603000",
      "researchAndDevelopment": "8411000",
      "operatingExpenses": "13665000",
      "investmentIncomeNet": "None",
      "netInterestIncome": "None",
      "interestIncome": "None",
      "interestExpense": "356000",
      "nonInterestIncome": "None",
      "otherNonOperatingIncome": "None",
      "depreciation": "None",
      "depreciationAndAmortization": "803000",
      "incomeBeforeTax": "-16925000",
      "incomeTaxExpense": "16925000",
      "interestAndDebtExpense": "None",
      "netIncomeFromContinuingOperations": "None",
      "comprehensiveIncomeNetOfTax": "None",
      "ebit": "-16694000",
      "ebitda": "-15891000",
      "netIncome": "-16925000"
    },
    {
      "fiscalDateEnding": "2008-12-31",
      "reportedCurrency": "None",
      "grossProfit": "-5807000",
      "totalRevenue": "1668000",
      "costOfRevenue": "7475000",
      "costofGoodsAndServicesSold": "7475000",
      "operatingIncome": "-14697000",
      "sellingGeneralAndAdministrative": "None",
      "researchAndDevelopment": "5354000",
      "operatingExpenses": "8890000",
      "investmentIncomeNet": "None",
      "netInterestIncome": "None",
      "interestIncome": "None",
      "interestExpense": "9000",
      "nonInterestIncome": "None",
      "otherNonOperatingIncome": "None",
      "depreciation": "None",
      "depreciationAndAmortization": "332000",
      "incomeBeforeTax": "-14501000",
      "incomeTaxExpense": "None",
      "interestAndDebtExpense": "None",
      "netIncomeFromContinuingOperations": "None",
      "comprehensiveIncomeNetOfTax": "None",
      "ebit": "-14492000",
      "ebitda": "-14160000",
      "netIncome": "-14501000"
    }
  ],
  "quarterlyReports": [
    {
      "fiscalDateEnding": "2025-12-31",
      "reportedCurrency": "None",
      "grossProfit": "152031000",
      "totalRevenue": "343321000",
      "costOfRevenue": "191290000",
      "costofGoodsAndServicesSold": "191290000",
      "operatingIncome": "21798000",
      "sellingGeneralAndAdministrative": "34599000",
      "researchAndDevelopment": "46214000",
      "operatingExpenses": "130233000",
      "investmentIncomeNet": "None",
      "netInterestIncome": "None",
      "interestIncome": "None",
      "interestExpense": "829000",
      "nonInterestIncome": "None",
      "otherNonOperatingIncome": "None",
      "depreciation": "None",
      "depreciationAndAmortization": "20427000",
      "incomeBeforeTax": "38697000",
      "incomeTaxExpense": "-16000",
      "interestAndDebtExpense": "None",
      "netIncomeFromContinuingOperations": "None",
      "comprehensiveIncomeNetOfTax": "None",
      "ebit": "39526000",
      "ebitda": "59953000",
      "netIncome": "38713000"
    },
    {
      "fiscalDateEnding": "2025-09-30",
      "reportedCurrency": "USD",
      "grossProfit": "196239000",
      "totalRevenue": "410427000",
      "costOfRevenue": "214188000",
      "costofGoodsAndServicesSold": "214188000",
      "operatingIncome": "66159000",
      "sellingGeneralAndAdministrative": "33098000",
      "researchAndDevelopment": "47266000",
      "operatingExpenses": "130080000",
      "investmentIncomeNet": "None",
      "netInterestIncome": "14599000",
      "interestIncome": "15429000",
      "interestExpense": "830000",
      "nonInterestIncome": "None",
      "otherNonOperatingIncome": "None",
      "depreciation": "None",
      "depreciationAndAmortization": "18219000",
      "incomeBeforeTax": "77019000",
      "incomeTaxExpense": "10381000",
      "interestAndDebtExpense": "None",
      "netIncomeFromContinuingOperations": "66638000",
      "comprehensiveIncomeNetOfTax": "None",
      "ebit": "77849000",
      "ebitda": "96068000",
      "netIncome": "66638000"
    },
    {
      "fiscalDateEnding": "2025-06-30",
      "reportedCurrency": "USD",
      "grossProfit": "170493000",
      "totalRevenue": "363153000",
      "costOfRevenue": "192660000",
      "costofGoodsAndServicesSold": "192660000",
      "operatingIncome": "37007000",
      "sellingGeneralAndAdministrative": "34035000",
      "researchAndDevelopment": "45421000",
      "operatingExpenses": "133486000",
      "investmentIncomeNet": "None",
      "netInterestIncome": "14096000",
      "interestIncome": "14911000",
      "interestExpense": "815000",
      "nonInterestIncome": "None",
      "otherNonOperatingIncome": "None",
      "depreciation": "None",
      "depreciationAndAmortization": "20085000",
      "incomeBeforeTax": "42205000",
      "incomeTaxExpense": "5153000",
      "interestAndDebtExpense": "None",
      "netIncomeFromContinuingOperations": "37052000",
      "comprehensiveIncomeNetOfTax": "None",
      "ebit": "43020000",
      "ebitda": "63105000",
      "netIncome": "37052000"
    },
    {
      "fiscalDateEnding": "2025-03-31",
      "reportedCurrency": "USD",
      "grossProfit": "168241000",
      "totalRevenue": "356084000",
      "costOfRevenue": "187843000",
      "costofGoodsAndServicesSold": "187843000",
      "operatingIncome": "31922000",
      "sellingGeneralAndAdministrative": "34035000",
      "researchAndDevelopment": "50174000",
      "operatingExpenses": "136319000",
      "investmentIncomeNet": "None",
      "netInterestIncome": "14985000",
      "interestIncome": "17032000",
      "interestExpense": "2047000",
      "nonInterestIncome": "None",
      "otherNonOperatingIncome": "None",
      "depreciation": "None",
      "depreciationAndAmortization": "19915000",
      "incomeBeforeTax": "46893000",
      "incomeTaxExpense": "17163000",
      "interestAndDebtExpense": "None",
      "netIncomeFromContinuingOperations": "29730000",
      "comprehensiveIncomeNetOfTax": "None",
      "ebit": "48940000",
      "ebitda": "68855000",
      "netIncome": "29730000"
    },
    {
      "fiscalDateEnding": "2024-12-31",
      "reportedCurrency": "USD",
      "grossProfit": "198293000",
      "totalRevenue": "382713000",
      "costOfRevenue": "184420000",
      "costofGoodsAndServicesSold": "184420000",
      "operatingIncome": "54804000",
      "sellingGeneralAndAdministrative": "31901000",
      "researchAndDevelopment": "50390000",
      "operatingExpenses": "143489000",
      "investmentIncomeNet": "None",
      "netInterestIncome": "16165000",
      "interestIncome": "18417000",
      "interestExpense": "2252000",
      "nonInterestIncome": "None",
      "otherNonOperatingIncome": "None",
      "depreciation": "None",
      "depreciationAndAmortization": "20665000",
      "incomeBeforeTax": "69699000",
      "incomeTaxExpense": "7539000",
      "interestAndDebtExpense": "None",
      "netIncomeFromContinuingOperations": "62160000",
      "comprehensiveIncomeNetOfTax": "None",
      "ebit": "71951000",
      "ebitda": "92616000",
      "netIncome": "62160000"
    },
    {
      "fiscalDateEnding": "2024-09-30",
      "reportedCurrency": "USD",
      "grossProfit": "178171000",
      "totalRevenue": "380873000",
      "costOfRevenue": "202702000",
      "costofGoodsAndServicesSold": "202702000",
      "operatingIncome": "49788000",
      "sellingGeneralAndAdministrative": "30192000",
      "researchAndDevelopment": "47843000",
      "operatingExpenses": "128383000",
      "investmentIncomeNet": "None",
      "netInterestIncome": "17740000",
      "interestIncome": "19977000",
      "interestExpense": "2237000",
      "nonInterestIncome": "None",
      "otherNonOperatingIncome": "None",
      "depreciation": "None",
      "depreciationAndAmortization": "20103000",
      "incomeBeforeTax": "50743000",
      "incomeTaxExpense": "4981000",
      "interestAndDebtExpense": "None",
      "netIncomeFromContinuingOperations": "45762000",
      "comprehensiveIncomeNetOfTax": "None",
      "ebit": "52980000",
      "ebitda": "73083000",
      "netIncome": "45762000"
    },
    {
      "fiscalDateEnding": "2024-06-30",
      "reportedCurrency": "USD",
      "grossProfit": "137166000",
      "totalRevenue": "303458000",
      "costOfRevenue": "166292000",
      "costofGoodsAndServicesSold": "166292000",
      "operatingIncome": "1799000",
      "sellingGeneralAndAdministrative": "33550000",
      "researchAndDevelopment": "48871000",
      "operatingExpenses": "135367000",
      "investmentIncomeNet": "None",
      "netInterestIncome": "16983000",
      "interestIncome": "19203000",
      "interestExpense": "2220000",
      "nonInterestIncome": "None",
      "otherNonOperatingIncome": "None",
      "depreciation": "None",
      "depreciationAndAmortization": "20484000",
      "incomeBeforeTax": "11216000",
      "incomeTaxExpense": "383000",
      "interestAndDebtExpense": "None",
      "netIncomeFromContinuingOperations": "10833000",
      "comprehensiveIncomeNetOfTax": "None",
      "ebit": "13436000",
      "ebitda": "33920000",
      "netIncome": "10833000"
    },
    {
      "fiscalDateEnding": "2024-03-31",
      "reportedCurrency": "USD",
      "grossProfit": "115508000",
      "totalRevenue": "263339000",
      "costOfRevenue": "147831000",
      "costofGoodsAndServicesSold": "147831000",
      "operatingIncome": "-29099000",
      "sellingGeneralAndAdministrative": "35182000",
      "researchAndDevelopment": "54211000",
      "operatingExpenses": "144607000",
      "investmentIncomeNet": "None",
      "netInterestIncome": "17513000",
      "interestIncome": "19709000",
      "interestExpense": "2196000",
      "nonInterestIncome": "None",
      "otherNonOperatingIncome": "None",
      "depreciation": "None",
      "depreciationAndAmortization": "20137000",
      "incomeBeforeTax": "-11499000",
      "incomeTaxExpense": "4598000",
      "interestAndDebtExpense": "None",
      "netIncomeFromContinuingOperations": "-16097000",
      "comprehensiveIncomeNetOfTax": "None",
      "ebit": "-9303000",
      "ebitda": "10834000",
      "netIncome": "-16097000"
    },
    {
      "fiscalDateEnding": "2023-12-31",
      "reportedCurrency": "USD",
      "grossProfit": "146662000",
      "totalRevenue": "302570000",
      "costOfRevenue": "155908000",
      "costofGoodsAndServicesSold": "155908000",
      "operatingIncome": "-10231000",
      "sellingGeneralAndAdministrative": "33379000",
      "researchAndDevelopment": "55291000",
      "operatingExpenses": "156893000",
      "investmentIncomeNet": "None",
      "netInterestIncome": "18225000",
      "interestIncome": "20493000",
      "interestExpense": "2268000",
      "nonInterestIncome": "None",
      "otherNonOperatingIncome": "None",
      "depreciation": "None",
      "depreciationAndAmortization": "20841000",
      "incomeBeforeTax": "12227000",
      "incomeTaxExpense": "-8692000",
      "interestAndDebtExpense": "None",
      "netIncomeFromContinuingOperations": "20919000",
      "comprehensiveIncomeNetOfTax": "None",
      "ebit": "14495000",
      "ebitda": "35336000",
      "netIncome": "20919000"
    },
    {
      "fiscalDateEnding": "2023-09-30",
      "reportedCurrency": "USD",
      "grossProfit": "262013000",
      "totalRevenue": "551082000",
      "costOfRevenue": "289069000",
      "costofGoodsAndServicesSold": "289069000",
      "operatingIncome": "117989000",
      "sellingGeneralAndAdministrative": "33794000",
      "researchAndDevelopment": "54873000",
      "operatingExpenses": "144024000",
      "investmentIncomeNet": "None",
      "netInterestIncome": "17473000",
      "interestIncome": "19669000",
      "interestExpense": "2196000",
      "nonInterestIncome": "None",
      "otherNonOperatingIncome": "None",
      "depreciation": "None",
      "depreciationAndAmortization": "19448000",
      "incomeBeforeTax": "137345000",
      "incomeTaxExpense": "23392000",
      "interestAndDebtExpense": "None",
      "netIncomeFromContinuingOperations": "113953000",
      "comprehensiveIncomeNetOfTax": "None",
      "ebit": "139541000",
      "ebitda": "158989000",
      "netIncome": "113953000"
    },
    {
      "fiscalDateEnding": "2023-06-30",
      "reportedCurrency": "USD",
      "grossProfit": "323342000",
      "totalRevenue": "711118000",
      "costOfRevenue": "387776000",
      "costofGoodsAndServicesSold": "387776000",
      "operatingIncome": "170320000",
      "sellingGeneralAndAdministrative": "34397000",
      "researchAndDevelopment": "60043000",
      "operatingExpenses": "153022000",
      "investmentIncomeNet": "None",
      "netInterestIncome": "14307000",
      "interestIncome": "16526000",
      "interestExpense": "2219000",
      "nonInterestIncome": "None",
      "otherNonOperatingIncome": "16493000",
      "depreciation": "None",
      "depreciationAndAmortization": "17828000",
      "incomeBeforeTax": "184594000",
      "incomeTaxExpense": "27403000",
      "interestAndDebtExpense": "None",
      "netIncomeFromContinuingOperations": "157191000",
      "comprehensiveIncomeNetOfTax": "None",
      "ebit": "186813000",
      "ebitda": "204641000",
      "netIncome": "157191000"
    },
    {
      "fiscalDateEnding": "2023-03-31",
      "reportedCurrency": "USD",
      "grossProfit": "326371000",
      "totalRevenue": "726016000",
      "costOfRevenue": "399645000",
      "costofGoodsAndServicesSold": "399645000",
      "operatingIncome": "167663000",
      "sellingGeneralAndAdministrative": "36265000",
      "researchAndDevelopment": "57129000",
      "operatingExpenses": "158708000",
      "investmentIncomeNet": "None",
      "netInterestIncome": "10884000",
      "interestIncome": "13040000",
      "interestExpense": "2156000",
      "nonInterestIncome": "None",
      "otherNonOperatingIncome": "13466000",
      "depreciation": "None",
      "depreciationAndAmortization": "16591000",
      "incomeBeforeTax": "178973000",
      "incomeTaxExpense": "32100000",
      "interestAndDebtExpense": "None",
      "netIncomeFromContinuingOperations": "146873000",
      "comprehensiveIncomeNetOfTax": "None",
      "ebit": "181129000",
      "ebitda": "197720000",
      "netIncome": "146873000"
    },
    {
      "fiscalDateEnding": "2022-12-31",
      "reportedCurrency": "USD",
      "grossProfit": "310701000",
      "totalRevenue": "724652000",
      "costOfRevenue": "413951000",
      "costofGoodsAndServicesSold": "413951000",
      "operatingIncome": "156960000",
      "sellingGeneralAndAdministrative": "37355000",
      "researchAndDevelopment": "49683000",
      "operatingExpenses": "153741000",
      "investmentIncomeNet": "None",
      "netInterestIncome": "6441000",
      "interestIncome": "8720000",
      "interestExpense": "2279000",
      "nonInterestIncome": "None",
      "otherNonOperatingIncome": "13497000",
      "depreciation": "None",
      "depreciationAndAmortization": "16009000",
      "incomeBeforeTax": "168178000",
      "incomeTaxExpense": "14425000",
      "interestAndDebtExpense": "None",
      "netIncomeFromContinuingOperations": "153753000",
      "comprehensiveIncomeNetOfTax": "None",
      "ebit": "170457000",
      "ebitda": "186466000",
      "netIncome": "153753000"
    },
    {
      "fiscalDateEnding": "2022-09-30",
      "reportedCurrency": "USD",
      "grossProfit": "267916000",
      "totalRevenue": "634713000",
      "costOfRevenue": "366797000",
      "costofGoodsAndServicesSold": "366797000",
      "operatingIncome": "135441000",
      "sellingGeneralAndAdministrative": "32436000",
      "researchAndDevelopment": "44188000",
      "operatingExpenses": "132475000",
      "investmentIncomeNet": "None",
      "netInterestIncome": "1425000",
      "interestIncome": "3680000",
      "interestExpense": "2255000",
      "nonInterestIncome": "None",
      "otherNonOperatingIncome": "1069000",
      "depreciation": "None",
      "depreciationAndAmortization": "14664000",
      "incomeBeforeTax": "134255000",
      "incomeTaxExpense": "19443000",
      "interestAndDebtExpense": "None",
      "netIncomeFromContinuingOperations": "114812000",
      "comprehensiveIncomeNetOfTax": "None",
      "ebit": "136510000",
      "ebitda": "151174000",
      "netIncome": "114812000"
    },
    {
      "fiscalDateEnding": "2022-06-30",
      "reportedCurrency": "USD",
      "grossProfit": "219005000",
      "totalRevenue": "530196000",
      "costOfRevenue": "311191000",
      "costofGoodsAndServicesSold": "311191000",
      "operatingIncome": "94036000",
      "sellingGeneralAndAdministrative": "32125000",
      "researchAndDevelopment": "39256000",
      "operatingExpenses": "124969000",
      "investmentIncomeNet": "None",
      "netInterestIncome": "-1372000",
      "interestIncome": "796000",
      "interestExpense": "2168000",
      "nonInterestIncome": "None",
      "otherNonOperatingIncome": "340000",
      "depreciation": "None",
      "depreciationAndAmortization": "13999000",
      "incomeBeforeTax": "92208000",
      "incomeTaxExpense": "15232000",
      "interestAndDebtExpense": "None",
      "netIncomeFromContinuingOperations": "76976000",
      "comprehensiveIncomeNetOfTax": "None",
      "ebit": "94376000",
      "ebitda": "108375000",
      "netIncome": "76976000"
    },
    {
      "fiscalDateEnding": "2022-03-31",
      "reportedCurrency": "USD",
      "grossProfit": "176973000",
      "totalRevenue": "441292000",
      "costOfRevenue": "264319000",
      "costofGoodsAndServicesSold": "264319000",
      "operatingIncome": "61824000",
      "sellingGeneralAndAdministrative": "38086000",
      "researchAndDevelopment": "35719000",
      "operatingExpenses": "115149000",
      "investmentIncomeNet": "None",
      "netInterestIncome": "-2276000",
      "interestIncome": "460000",
      "interestExpense": "2736000",
      "nonInterestIncome": "None",
      "otherNonOperatingIncome": "-1681000",
      "depreciation": "None",
      "depreciationAndAmortization": "14103000",
      "incomeBeforeTax": "57407000",
      "incomeTaxExpense": "5586000",
      "interestAndDebtExpense": "None",
      "netIncomeFromContinuingOperations": "51821000",
      "comprehensiveIncomeNetOfTax": "None",
      "ebit": "60143000",
      "ebitda": "74246000",
      "netIncome": "51821000"
    },
    {
      "fiscalDateEnding": "2021-12-31",
      "reportedCurrency": "USD",
      "grossProfit": "163314000",
      "totalRevenue": "412719000",
      "costOfRevenue": "249405000",
      "costofGoodsAndServicesSold": "249405000",
      "operatingIncome": "57695000",
      "sellingGeneralAndAdministrative": "29560000",
      "researchAndDevelopment": "31589000",
      "operatingExpenses": "105619000",
      "investmentIncomeNet": "None",
      "netInterestIncome": "-12275000",
      "interestIncome": "414000",
      "interestExpense": "12689000",
      "nonInterestIncome": "None",
      "otherNonOperatingIncome": "5535000",
      "depreciation": "None",
      "depreciationAndAmortization": "10972000",
      "incomeBeforeTax": "50541000",
      "incomeTaxExpense": "-2050000",
      "interestAndDebtExpense": "None",
      "netIncomeFromContinuingOperations": "52591000",
      "comprehensiveIncomeNetOfTax": "None",
      "ebit": "63230000",
      "ebitda": "74202000",
      "netIncome": "52591000"
    },
    {
      "fiscalDateEnding": "2021-09-30",
      "reportedCurrency": "USD",
      "grossProfit": "140358000",
      "totalRevenue": "351519000",
      "costOfRevenue": "211161000",
      "costofGoodsAndServicesSold": "211161000",
      "operatingIncome": "37351000",
      "sellingGeneralAndAdministrative": "34300000",
      "researchAndDevelopment": "29411000",
      "operatingExpenses": "103007000",
      "investmentIncomeNet": "None",
      "netInterestIncome": "-12518000",
      "interestIncome": "110000",
      "interestExpense": "12628000",
      "nonInterestIncome": "None",
      "otherNonOperatingIncome": "984000",
      "depreciation": "None",
      "depreciationAndAmortization": "8255000",
      "incomeBeforeTax": "25707000",
      "incomeTaxExpense": "3898000",
      "interestAndDebtExpense": "None",
      "netIncomeFromContinuingOperations": "21809000",
      "comprehensiveIncomeNetOfTax": "None",
      "ebit": "38335000",
      "ebitda": "46590000",
      "netIncome": "21809000"
    },
    {
      "fiscalDateEnding": "2021-06-30",
      "reportedCurrency": "USD",
      "grossProfit": "127801000",
      "totalRevenue": "316057000",
      "costOfRevenue": "188256000",
      "costofGoodsAndServicesSold": "188256000",
      "operatingIncome": "59400000",
      "sellingGeneralAndAdministrative": "20107000",
      "researchAndDevelopment": "22708000",
      "operatingExpenses": "68401000",
      "investmentIncomeNet": "None",
      "netInterestIncome": "-12408000",
      "interestIncome": "98000",
      "interestExpense": "12506000",
      "nonInterestIncome": "None",
      "otherNonOperatingIncome": "-548000",
      "depreciation": "None",
      "depreciationAndAmortization": "7596000",
      "incomeBeforeTax": "46346000",
      "incomeTaxExpense": "6995000",
      "interestAndDebtExpense": "None",
      "netIncomeFromContinuingOperations": "39351000",
      "comprehensiveIncomeNetOfTax": "None",
      "ebit": "58852000",
      "ebitda": "66448000",
      "netIncome": "39351000"
    },
    {
      "fiscalDateEnding": "2021-03-31",
      "reportedCurrency": "USD",
      "grossProfit": "122949000",
      "totalRevenue": "301754000",
      "costOfRevenue": "178805000",
      "costofGoodsAndServicesSold": "178805000",
      "operatingIncome": "61386000",
      "sellingGeneralAndAdministrative": "20123000",
      "researchAndDevelopment": "21818000",
      "operatingExpenses": "61563000",
      "investmentIncomeNet": "None",
      "netInterestIncome": "-7256000",
      "interestIncome": "73000",
      "interestExpense": "7329000",
      "nonInterestIncome": "None",
      "otherNonOperatingIncome": "-55723000",
      "depreciation": "None",
      "depreciationAndAmortization": "5558000",
      "incomeBeforeTax": "-1666000",
      "incomeTaxExpense": "-33364000",
      "interestAndDebtExpense": "None",
      "netIncomeFromContinuingOperations": "31698000",
      "comprehensiveIncomeNetOfTax": "None",
      "ebit": "5663000",
      "ebitda": "11221000",
      "netIncome": "31698000"
    },
    {
      "fiscalDateEnding": "2020-12-31",
      "reportedCurrency": "USD",
      "grossProfit": "121938000",
      "totalRevenue": "264839000",
      "costOfRevenue": "142901000",
      "costofGoodsAndServicesSold": "142901000",
      "operatingIncome": "79114000",
      "sellingGeneralAndAdministrative": "12884000",
      "researchAndDevelopment": "15801000",
      "operatingExpenses": "42824000",
      "investmentIncomeNet": "None",
      "netInterestIncome": "-5228000",
      "interestIncome": "673000",
      "interestExpense": "5901000",
      "nonInterestIncome": "None",
      "otherNonOperatingIncome": "-1861000",
      "depreciation": "None",
      "depreciationAndAmortization": "5353000",
      "incomeBeforeTax": "71352000",
      "incomeTaxExpense": "-1639000",
      "interestAndDebtExpense": "None",
      "netIncomeFromContinuingOperations": "72991000",
      "comprehensiveIncomeNetOfTax": "None",
      "ebit": "77253000",
      "ebitda": "82606000",
      "netIncome": "72991000"
    },
    {
      "fiscalDateEnding": "2020-09-30",
      "reportedCurrency": "USD",
      "grossProfit": "94981000",
      "totalRevenue": "178503000",
      "costOfRevenue": "83522000",
      "costofGoodsAndServicesSold": "83522000",
      "operatingIncome": "51759000",
      "sellingGeneralAndAdministrative": "13525000",
      "researchAndDevelopment": "15052000",
      "operatingExpenses": "43222000",
      "investmentIncomeNet": "None",
      "netInterestIncome": "-5883000",
      "interestIncome": "110000",
      "interestExpense": "5993000",
      "nonInterestIncome": "None",
      "otherNonOperatingIncome": "-921000",
      "depreciation": "None",
      "depreciationAndAmortization": "4765000",
      "incomeBeforeTax": "44845000",
      "incomeTaxExpense": "5483000",
      "interestAndDebtExpense": "None",
      "netIncomeFromContinuingOperations": "39362000",
      "comprehensiveIncomeNetOfTax": "None",
      "ebit": "50838000",
      "ebitda": "55603000",
      "netIncome": "39362000"
    },
    {
      "fiscalDateEnding": "2020-06-30",
      "reportedCurrency": "USD",
      "grossProfit": "48387000",
      "totalRevenue": "125538000",
      "costOfRevenue": "77151000",
      "costofGoodsAndServicesSold": "77151000",
      "operatingIncome": "10854000",
      "sellingGeneralAndAdministrative": "11970000",
      "researchAndDevelopment": "13192000",
      "operatingExpenses": "37533000",
      "investmentIncomeNet": "None",
      "netInterestIncome": "-5670000",
      "interestIncome": "282000",
      "interestExpense": "5952000",
      "nonInterestIncome": "None",
      "otherNonOperatingIncome": "-58757000",
      "depreciation": "None",
      "depreciationAndAmortization": "4141000",
      "incomeBeforeTax": "-53855000",
      "incomeTaxExpense": "-6561000",
      "interestAndDebtExpense": "None",
      "netIncomeFromContinuingOperations": "-47294000",
      "comprehensiveIncomeNetOfTax": "None",
      "ebit": "-47903000",
      "ebitda": "-43762000",
      "netIncome": "-47294000"
    },
    {
      "fiscalDateEnding": "2020-03-31",
      "reportedCurrency": "USD",
      "grossProfit": "80675000",
      "totalRevenue": "205545000",
      "costOfRevenue": "124870000",
      "costofGoodsAndServicesSold": "124870000",
      "operatingIncome": "44712000",
      "sellingGeneralAndAdministrative": "12315000",
      "researchAndDevelopment": "11876000",
      "operatingExpenses": "35963000",
      "investmentIncomeNet": "None",
      "netInterestIncome": "-2064000",
      "interestIncome": "1091000",
      "interestExpense": "3155000",
      "nonInterestIncome": "None",
      "otherNonOperatingIncome": "15511000",
      "depreciation": "None",
      "depreciationAndAmortization": "3844000",
      "incomeBeforeTax": "57068000",
      "incomeTaxExpense": "-11868000",
      "interestAndDebtExpense": "None",
      "netIncomeFromContinuingOperations": "68936000",
      "comprehensiveIncomeNetOfTax": "None",
      "ebit": "60223000",
      "ebitda": "64067000",
      "netIncome": "68936000"
    },
    {
      "fiscalDateEnding": "2019-12-31",
      "reportedCurrency": "USD",
      "grossProfit": "77881000",
      "totalRevenue": "210032000",
      "costOfRevenue": "132151000",
      "costofGoodsAndServicesSold": "132151000",
      "operatingIncome": "44442000",
      "sellingGeneralAndAdministrative": "10450000",
      "researchAndDevelopment": "11168000",
      "operatingExpenses": "33439000",
      "investmentIncomeNet": "None",
      "netInterestIncome": "-1488000",
      "interestIncome": "815000",
      "interestExpense": "2303000",
      "nonInterestIncome": "None",
      "otherNonOperatingIncome": "2493000",
      "depreciation": "None",
      "depreciationAndAmortization": "2568000",
      "incomeBeforeTax": "44421000",
      "incomeTaxExpense": "-72245000",
      "interestAndDebtExpense": "None",
      "netIncomeFromContinuingOperations": "116666000",
      "comprehensiveIncomeNetOfTax": "None",
      "ebit": "46724000",
      "ebitda": "49292000",
      "netIncome": "116666000"
    },
    {
      "fiscalDateEnding": "2019-09-30",
      "reportedCurrency": "USD",
      "grossProfit": "64706000",
      "totalRevenue": "180057000",
      "costOfRevenue": "115351000",
      "costofGoodsAndServicesSold": "115351000",
      "operatingIncome": "33706000",
      "sellingGeneralAndAdministrative": "9895000",
      "researchAndDevelopment": "11085000",
      "operatingExpenses": "31000000",
      "investmentIncomeNet": "None",
      "netInterestIncome": "-1392000",
      "interestIncome": "894000",
      "interestExpense": "2286000",
      "nonInterestIncome": "None",
      "otherNonOperatingIncome": "-49000",
      "depreciation": "None",
      "depreciationAndAmortization": "3857000",
      "incomeBeforeTax": "31371000",
      "incomeTaxExpense": "272000",
      "interestAndDebtExpense": "None",
      "netIncomeFromContinuingOperations": "31099000",
      "comprehensiveIncomeNetOfTax": "None",
      "ebit": "33657000",
      "ebitda": "37514000",
      "netIncome": "31099000"
    },
    {
      "fiscalDateEnding": "2019-06-30",
      "reportedCurrency": "USD",
      "grossProfit": "45319000",
      "totalRevenue": "134094000",
      "costOfRevenue": "88775000",
      "costofGoodsAndServicesSold": "88775000",
      "operatingIncome": "17447000",
      "sellingGeneralAndAdministrative": "8583000",
      "researchAndDevelopment": "9604000",
      "operatingExpenses": "27872000",
      "investmentIncomeNet": "None",
      "netInterestIncome": "-758000",
      "interestIncome": "593000",
      "interestExpense": "1351000",
      "nonInterestIncome": "None",
      "otherNonOperatingIncome": "-4887000",
      "depreciation": "None",
      "depreciationAndAmortization": "4122000",
      "incomeBeforeTax": "11209000",
      "incomeTaxExpense": "591000",
      "interestAndDebtExpense": "None",
      "netIncomeFromContinuingOperations": "10618000",
      "comprehensiveIncomeNetOfTax": "None",
      "ebit": "12560000",
      "ebitda": "16682000",
      "netIncome": "10618000"
    },
    {
      "fiscalDateEnding": "2019-03-31",
      "reportedCurrency": "USD",
      "grossProfit": "33339000",
      "totalRevenue": "100150000",
      "costOfRevenue": "66811000",
      "costofGoodsAndServicesSold": "66811000",
      "operatingIncome": "7134000",
      "sellingGeneralAndAdministrative": "9880000",
      "researchAndDevelopment": "8524000",
      "operatingExpenses": "26205000",
      "investmentIncomeNet": "None",
      "netInterestIncome": "-3540000",
      "interestIncome": "3540000",
      "interestExpense": "3540000",
      "nonInterestIncome": "None",
      "otherNonOperatingIncome": "-481000",
      "depreciation": "None",
      "depreciationAndAmortization": "3572000",
      "incomeBeforeTax": "3113000",
      "incomeTaxExpense": "348000",
      "interestAndDebtExpense": "None",
      "netIncomeFromContinuingOperations": "2765000",
      "comprehensiveIncomeNetOfTax": "None",
      "ebit": "6864000",
      "ebitda": "10436000",
      "netIncome": "2765000"
    },
    {
      "fiscalDateEnding": "2018-12-31",
      "reportedCurrency": "USD",
      "grossProfit": "28164000",
      "totalRevenue": "92289000",
      "costOfRevenue": "64125000",
      "costofGoodsAndServicesSold": "64125000",
      "operatingIncome": "5003000",
      "sellingGeneralAndAdministrative": "7663000",
      "researchAndDevelopment": "7340000",
      "operatingExpenses": "23161000",
      "investmentIncomeNet": "None",
      "netInterestIncome": "None",
      "interestIncome": "None",
      "interestExpense": "2605000",
      "nonInterestIncome": "None",
      "otherNonOperatingIncome": "None",
      "depreciation": "None",
      "depreciationAndAmortization": "2717000",
      "incomeBeforeTax": "1286000",
      "incomeTaxExpense": "577000",
      "interestAndDebtExpense": "None",
      "netIncomeFromContinuingOperations": "709000",
      "comprehensiveIncomeNetOfTax": "None",
      "ebit": "3890000",
      "ebitda": "6607000",
      "netIncome": "709000"
    },
    {
      "fiscalDateEnding": "2018-09-30",
      "reportedCurrency": "USD",
      "grossProfit": "25264000",
      "totalRevenue": "78002000",
      "costOfRevenue": "52738000",
      "costofGoodsAndServicesSold": "52738000",
      "operatingIncome": "-374000",
      "sellingGeneralAndAdministrative": "7510000",
      "researchAndDevelopment": "8165000",
      "operatingExpenses": "25638000",
      "investmentIncomeNet": "None",
      "netInterestIncome": "None",
      "interestIncome": "None",
      "interestExpense": "2469000",
      "nonInterestIncome": "None",
      "otherNonOperatingIncome": "-379000",
      "depreciation": "None",
      "depreciationAndAmortization": "2481000",
      "incomeBeforeTax": "-3222000",
      "incomeTaxExpense": "248000",
      "interestAndDebtExpense": "None",
      "netIncomeFromContinuingOperations": "-3470000",
      "comprehensiveIncomeNetOfTax": "None",
      "ebit": "-432000",
      "ebitda": "2049000",
      "netIncome": "-3470000"
    },
    {
      "fiscalDateEnding": "2018-06-30",
      "reportedCurrency": "USD",
      "grossProfit": "22701000",
      "totalRevenue": "75896000",
      "costOfRevenue": "53195000",
      "costofGoodsAndServicesSold": "53195000",
      "operatingIncome": "-558000",
      "sellingGeneralAndAdministrative": "6969000",
      "researchAndDevelopment": "9462000",
      "operatingExpenses": "23259000",
      "investmentIncomeNet": "None",
      "netInterestIncome": "None",
      "interestIncome": "None",
      "interestExpense": "2269000",
      "nonInterestIncome": "None",
      "otherNonOperatingIncome": "-572000",
      "depreciation": "None",
      "depreciationAndAmortization": "2193000",
      "incomeBeforeTax": "-3399000",
      "incomeTaxExpense": "339000",
      "interestAndDebtExpense": "None",
      "netIncomeFromContinuingOperations": "-3738000",
      "comprehensiveIncomeNetOfTax": "None",
      "ebit": "-976000",
      "ebitda": "1217000",
      "netIncome": "-3738000"
    },
    {
      "fiscalDateEnding": "2018-03-31",
      "reportedCurrency": "USD",
      "grossProfit": "18315000",
      "totalRevenue": "69972000",
      "costOfRevenue": "51657000",
      "costofGoodsAndServicesSold": "51657000",
      "operatingIncome": "-2475000",
      "sellingGeneralAndAdministrative": "6943000",
      "researchAndDevelopment": "7620000",
      "operatingExpenses": "20790000",
      "investmentIncomeNet": "None",
      "netInterestIncome": "None",
      "interestIncome": "None",
      "interestExpense": "2292000",
      "nonInterestIncome": "None",
      "otherNonOperatingIncome": "-126000",
      "depreciation": "None",
      "depreciationAndAmortization": "2276000",
      "incomeBeforeTax": "-4893000",
      "incomeTaxExpense": "235000",
      "interestAndDebtExpense": "None",
      "netIncomeFromContinuingOperations": "-5128000",
      "comprehensiveIncomeNetOfTax": "None",
      "ebit": "-2601000",
      "ebitda": "-325000",
      "netIncome": "-5128000"
    },
    {
      "fiscalDateEnding": "2017-12-31",
      "reportedCurrency": "USD",
      "grossProfit": "18989000",
      "totalRevenue": "79674000",
      "costOfRevenue": "60685000",
      "costofGoodsAndServicesSold": "60685000",
      "operatingIncome": "-142000",
      "sellingGeneralAndAdministrative": "5983000",
      "researchAndDevelopment": "8208000",
      "operatingExpenses": "19131000",
      "investmentIncomeNet": "None",
      "netInterestIncome": "None",
      "interestIncome": "None",
      "interestExpense": "1957000",
      "nonInterestIncome": "None",
      "otherNonOperatingIncome": "202000",
      "depreciation": "None",
      "depreciationAndAmortization": "2241000",
      "incomeBeforeTax": "-3887000",
      "incomeTaxExpense": "-947000",
      "interestAndDebtExpense": "None",
      "netIncomeFromContinuingOperations": "-2940000",
      "comprehensiveIncomeNetOfTax": "None",
      "ebit": "-142000",
      "ebitda": "2099000",
      "netIncome": "-2940000"
    },
    {
      "fiscalDateEnding": "2017-09-30",
      "reportedCurrency": "USD",
      "grossProfit": "16461000",
      "totalRevenue": "77038000",
      "costOfRevenue": "60577000",
      "costofGoodsAndServicesSold": "60577000",
      "operatingIncome": "-5901000",
      "sellingGeneralAndAdministrative": "5441000",
      "researchAndDevelopment": "7397000",
      "operatingExpenses": "22362000",
      "investmentIncomeNet": "None",
      "netInterestIncome": "None",
      "interestIncome": "None",
      "interestExpense": "1760000",
      "nonInterestIncome": "None",
      "otherNonOperatingIncome": "623000",
      "depreciation": "None",
      "depreciationAndAmortization": "2180000",
      "incomeBeforeTax": "-7038000",
      "incomeTaxExpense": "-184000",
      "interestAndDebtExpense": "None",
      "netIncomeFromContinuingOperations": "-6854000",
      "comprehensiveIncomeNetOfTax": "None",
      "ebit": "-5278000",
      "ebitda": "-3098000",
      "netIncome": "-6854000"
    },
    {
      "fiscalDateEnding": "2017-06-30",
      "reportedCurrency": "USD",
      "grossProfit": "13547000",
      "totalRevenue": "74704000",
      "costOfRevenue": "61157000",
      "costofGoodsAndServicesSold": "61157000",
      "operatingIncome": "-9247000",
      "sellingGeneralAndAdministrative": "4964000",
      "researchAndDevelopment": "7947000",
      "operatingExpenses": "22794000",
      "investmentIncomeNet": "None",
      "netInterestIncome": "None",
      "interestIncome": "None",
      "interestExpense": "2080000",
      "nonInterestIncome": "None",
      "otherNonOperatingIncome": "88000",
      "depreciation": "None",
      "depreciationAndAmortization": "2255000",
      "incomeBeforeTax": "-11239000",
      "incomeTaxExpense": "854000",
      "interestAndDebtExpense": "None",
      "netIncomeFromContinuingOperations": "-12093000",
      "comprehensiveIncomeNetOfTax": "None",
      "ebit": "-9159000",
      "ebitda": "-6904000",
      "netIncome": "-12093000"
    },
    {
      "fiscalDateEnding": "2017-03-31",
      "reportedCurrency": "USD",
      "grossProfit": "7048000",
      "totalRevenue": "54751000",
      "costOfRevenue": "47703000",
      "costofGoodsAndServicesSold": "47703000",
      "operatingIncome": "-22095000",
      "sellingGeneralAndAdministrative": "5833000",
      "researchAndDevelopment": "9605000",
      "operatingExpenses": "29143000",
      "investmentIncomeNet": "None",
      "netInterestIncome": "None",
      "interestIncome": "None",
      "interestExpense": "2139000",
      "nonInterestIncome": "None",
      "otherNonOperatingIncome": "1060000",
      "depreciation": "None",
      "depreciationAndAmortization": "2328000",
      "incomeBeforeTax": "-23174000",
      "incomeTaxExpense": "131000",
      "interestAndDebtExpense": "None",
      "netIncomeFromContinuingOperations": "-23305000",
      "comprehensiveIncomeNetOfTax": "None",
      "ebit": "-21035000",
      "ebitda": "-18707000",
      "netIncome": "-23305000"
    },
    {
      "fiscalDateEnding": "2016-12-31",
      "reportedCurrency": "USD",
      "grossProfit": "16233000",
      "totalRevenue": "90601000",
      "costOfRevenue": "74368000",
      "costofGoodsAndServicesSold": "74368000",
      "operatingIncome": "-10093000",
      "sellingGeneralAndAdministrative": "6297000",
      "researchAndDevelopment": "11377000",
      "operatingExpenses": "26326000",
      "investmentIncomeNet": "None",
      "netInterestIncome": "None",
      "interestIncome": "None",
      "interestExpense": "1175000",
      "nonInterestIncome": "None",
      "otherNonOperatingIncome": "-1169000",
      "depreciation": "None",
      "depreciationAndAmortization": "2599000",
      "incomeBeforeTax": "-12437000",
      "incomeTaxExpense": "751000",
      "interestAndDebtExpense": "None",
      "netIncomeFromContinuingOperations": "-13188000",
      "comprehensiveIncomeNetOfTax": "None",
      "ebit": "-11262000",
      "ebitda": "-8663000",
      "netIncome": "-13188000"
    },
    {
      "fiscalDateEnding": "2016-09-30",
      "reportedCurrency": "USD",
      "grossProfit": "15879000",
      "totalRevenue": "88684000",
      "costOfRevenue": "72805000",
      "costofGoodsAndServicesSold": "72805000",
      "operatingIncome": "-17731000",
      "sellingGeneralAndAdministrative": "6708000",
      "researchAndDevelopment": "13169000",
      "operatingExpenses": "33610000",
      "investmentIncomeNet": "None",
      "netInterestIncome": "None",
      "interestIncome": "None",
      "interestExpense": "1234000",
      "nonInterestIncome": "None",
      "otherNonOperatingIncome": "353000",
      "depreciation": "None",
      "depreciationAndAmortization": "2651000",
      "incomeBeforeTax": "-18612000",
      "incomeTaxExpense": "144000",
      "interestAndDebtExpense": "None",
      "netIncomeFromContinuingOperations": "-18756000",
      "comprehensiveIncomeNetOfTax": "None",
      "ebit": "-17378000",
      "ebitda": "-14727000",
      "netIncome": "-18756000"
    },
    {
      "fiscalDateEnding": "2016-06-30",
      "reportedCurrency": "USD",
      "grossProfit": "14136000",
      "totalRevenue": "79185000",
      "costOfRevenue": "65049000",
      "costofGoodsAndServicesSold": "65049000",
      "operatingIncome": "-15788000",
      "sellingGeneralAndAdministrative": "6846000",
      "researchAndDevelopment": "13091000",
      "operatingExpenses": "29924000",
      "investmentIncomeNet": "None",
      "netInterestIncome": "None",
      "interestIncome": "None",
      "interestExpense": "212000",
      "nonInterestIncome": "None",
      "otherNonOperatingIncome": "-379000",
      "depreciation": "None",
      "depreciationAndAmortization": "2708000",
      "incomeBeforeTax": "-16379000",
      "incomeTaxExpense": "344000",
      "interestAndDebtExpense": "None",
      "netIncomeFromContinuingOperations": "-16723000",
      "comprehensiveIncomeNetOfTax": "None",
      "ebit": "-16167000",
      "ebitda": "-13459000",
      "netIncome": "-16723000"
    },
    {
      "fiscalDateEnding": "2016-03-31",
      "reportedCurrency": "USD",
      "grossProfit": "11760000",
      "totalRevenue": "64121000",
      "costOfRevenue": "52361000",
      "costofGoodsAndServicesSold": "52361000",
      "operatingIncome": "-19088000",
      "sellingGeneralAndAdministrative": "7567000",
      "researchAndDevelopment": "13066000",
      "operatingExpenses": "30848000",
      "investmentIncomeNet": "None",
      "netInterestIncome": "None",
      "interestIncome": "None",
      "interestExpense": "152000",
      "nonInterestIncome": "None",
      "otherNonOperatingIncome": "681000",
      "depreciation": "None",
      "depreciationAndAmortization": "2680000",
      "incomeBeforeTax": "-18559000",
      "incomeTaxExpense": "236000",
      "interestAndDebtExpense": "None",
      "netIncomeFromContinuingOperations": "-18795000",
      "comprehensiveIncomeNetOfTax": "None",
      "ebit": "-18407000",
      "ebitda": "-15727000",
      "netIncome": "-18795000"
    },
    {
      "fiscalDateEnding": "2015-12-31",
      "reportedCurrency": "USD",
      "grossProfit": "15700000",
      "totalRevenue": "65629000",
      "costOfRevenue": "49929000",
      "costofGoodsAndServicesSold": "49929000",
      "operatingIncome": "-15171000",
      "sellingGeneralAndAdministrative": "7405000",
      "researchAndDevelopment": "12544000",
      "operatingExpenses": "30871000",
      "investmentIncomeNet": "None",
      "netInterestIncome": "None",
      "interestIncome": "None",
      "interestExpense": "196000",
      "nonInterestIncome": "None",
      "otherNonOperatingIncome": "259000",
      "depreciation": "None",
      "depreciationAndAmortization": "2835000",
      "incomeBeforeTax": "-15108000",
      "incomeTaxExpense": "675000",
      "interestAndDebtExpense": "None",
      "netIncomeFromContinuingOperations": "-15783000",
      "comprehensiveIncomeNetOfTax": "None",
      "ebit": "-14912000",
      "ebitda": "-12077000",
      "netIncome": "-15783000"
    },
    {
      "fiscalDateEnding": "2015-09-30",
      "reportedCurrency": "USD",
      "grossProfit": "31466000",
      "totalRevenue": "102874000",
      "costOfRevenue": "71408000",
      "costofGoodsAndServicesSold": "71408000",
      "operatingIncome": "1779000",
      "sellingGeneralAndAdministrative": "7118000",
      "researchAndDevelopment": "12059000",
      "operatingExpenses": "29687000",
      "investmentIncomeNet": "None",
      "netInterestIncome": "None",
      "interestIncome": "None",
      "interestExpense": "140000",
      "nonInterestIncome": "None",
      "otherNonOperatingIncome": "-704000",
      "depreciation": "None",
      "depreciationAndAmortization": "2650000",
      "incomeBeforeTax": "935000",
      "incomeTaxExpense": "311000",
      "interestAndDebtExpense": "None",
      "netIncomeFromContinuingOperations": "624000",
      "comprehensiveIncomeNetOfTax": "None",
      "ebit": "1075000",
      "ebitda": "3725000",
      "netIncome": "624000"
    },
    {
      "fiscalDateEnding": "2015-06-30",
      "reportedCurrency": "USD",
      "grossProfit": "33027000",
      "totalRevenue": "102093000",
      "costOfRevenue": "69066000",
      "costofGoodsAndServicesSold": "69066000",
      "operatingIncome": "-369000",
      "sellingGeneralAndAdministrative": "8102000",
      "researchAndDevelopment": "12786000",
      "operatingExpenses": "33396000",
      "investmentIncomeNet": "None",
      "netInterestIncome": "None",
      "interestIncome": "None",
      "interestExpense": "87000",
      "nonInterestIncome": "None",
      "otherNonOperatingIncome": "79000",
      "depreciation": "None",
      "depreciationAndAmortization": "2522000",
      "incomeBeforeTax": "-377000",
      "incomeTaxExpense": "226000",
      "interestAndDebtExpense": "None",
      "netIncomeFromContinuingOperations": "-603000",
      "comprehensiveIncomeNetOfTax": "None",
      "ebit": "-290000",
      "ebitda": "2232000",
      "netIncome": "-603000"
    },
    {
      "fiscalDateEnding": "2015-03-31",
      "reportedCurrency": "USD",
      "grossProfit": "28024000",
      "totalRevenue": "86653000",
      "costOfRevenue": "58629000",
      "costofGoodsAndServicesSold": "58629000",
      "operatingIncome": "-5548000",
      "sellingGeneralAndAdministrative": "8205000",
      "researchAndDevelopment": "13430000",
      "operatingExpenses": "33572000",
      "investmentIncomeNet": "None",
      "netInterestIncome": "None",
      "interestIncome": "None",
      "interestExpense": "78000",
      "nonInterestIncome": "None",
      "otherNonOperatingIncome": "-527000",
      "depreciation": "None",
      "depreciationAndAmortization": "2532000",
      "incomeBeforeTax": "-6153000",
      "incomeTaxExpense": "167000",
      "interestAndDebtExpense": "None",
      "netIncomeFromContinuingOperations": "-6320000",
      "comprehensiveIncomeNetOfTax": "None",
      "ebit": "-6075000",
      "ebitda": "-3543000",
      "netIncome": "-6320000"
    },
    {
      "fiscalDateEnding": "2014-12-31",
      "reportedCurrency": "USD",
      "grossProfit": "35035000",
      "totalRevenue": "105207000",
      "costOfRevenue": "70172000",
      "costofGoodsAndServicesSold": "70172000",
      "operatingIncome": "1951000",
      "sellingGeneralAndAdministrative": "8246000",
      "researchAndDevelopment": "13040000",
      "operatingExpenses": "33084000",
      "investmentIncomeNet": "None",
      "netInterestIncome": "None",
      "interestIncome": "None",
      "interestExpense": "572000",
      "nonInterestIncome": "None",
      "otherNonOperatingIncome": "-562000",
      "depreciation": "None",
      "depreciationAndAmortization": "2255000",
      "incomeBeforeTax": "817000",
      "incomeTaxExpense": "415000",
      "interestAndDebtExpense": "None",
      "netIncomeFromContinuingOperations": "402000",
      "comprehensiveIncomeNetOfTax": "None",
      "ebit": "1389000",
      "ebitda": "3644000",
      "netIncome": "402000"
    },
    {
      "fiscalDateEnding": "2014-09-30",
      "reportedCurrency": "USD",
      "grossProfit": "32521000",
      "totalRevenue": "99113000",
      "costOfRevenue": "66592000",
      "costofGoodsAndServicesSold": "66592000",
      "operatingIncome": "1893000",
      "sellingGeneralAndAdministrative": "8632000",
      "researchAndDevelopment": "12112000",
      "operatingExpenses": "30628000",
      "investmentIncomeNet": "None",
      "netInterestIncome": "None",
      "interestIncome": "None",
      "interestExpense": "356000",
      "nonInterestIncome": "None",
      "otherNonOperatingIncome": "-597000",
      "depreciation": "None",
      "depreciationAndAmortization": "2102000",
      "incomeBeforeTax": "940000",
      "incomeTaxExpense": "127000",
      "interestAndDebtExpense": "None",
      "netIncomeFromContinuingOperations": "813000",
      "comprehensiveIncomeNetOfTax": "None",
      "ebit": "1296000",
      "ebitda": "3398000",
      "netIncome": "813000"
    },
    {
      "fiscalDateEnding": "2014-06-30",
      "reportedCurrency": "USD",
      "grossProfit": "26832000",
      "totalRevenue": "82004000",
      "costOfRevenue": "55172000",
      "costofGoodsAndServicesSold": "55172000",
      "operatingIncome": "-2488000",
      "sellingGeneralAndAdministrative": "7679000",
      "researchAndDevelopment": "11148000",
      "operatingExpenses": "29320000",
      "investmentIncomeNet": "None",
      "netInterestIncome": "None",
      "interestIncome": "None",
      "interestExpense": "486000",
      "nonInterestIncome": "None",
      "otherNonOperatingIncome": "58000",
      "depreciation": "None",
      "depreciationAndAmortization": "1992000",
      "incomeBeforeTax": "-2916000",
      "incomeTaxExpense": "115000",
      "interestAndDebtExpense": "None",
      "netIncomeFromContinuingOperations": "-3031000",
      "comprehensiveIncomeNetOfTax": "None",
      "ebit": "-2430000",
      "ebitda": "-438000",
      "netIncome": "-3031000"
    },
    {
      "fiscalDateEnding": "2014-03-31",
      "reportedCurrency": "USD",
      "grossProfit": "18655000",
      "totalRevenue": "57580000",
      "costOfRevenue": "38925000",
      "costofGoodsAndServicesSold": "38925000",
      "operatingIncome": "-5785000",
      "sellingGeneralAndAdministrative": "6526000",
      "researchAndDevelopment": "9086000",
      "operatingExpenses": "24440000",
      "investmentIncomeNet": "None",
      "netInterestIncome": "None",
      "interestIncome": "None",
      "interestExpense": "449000",
      "nonInterestIncome": "None",
      "otherNonOperatingIncome": "107000",
      "depreciation": "None",
      "depreciationAndAmortization": "1910000",
      "incomeBeforeTax": "-6127000",
      "incomeTaxExpense": "109000",
      "interestAndDebtExpense": "None",
      "netIncomeFromContinuingOperations": "-6236000",
      "comprehensiveIncomeNetOfTax": "None",
      "ebit": "-5678000",
      "ebitda": "-3768000",
      "netIncome": "-6236000"
    },
    {
      "fiscalDateEnding": "2013-12-31",
      "reportedCurrency": "USD",
      "grossProfit": "21496000",
      "totalRevenue": "67056000",
      "costOfRevenue": "45560000",
      "costofGoodsAndServicesSold": "45560000",
      "operatingIncome": "-1611000",
      "sellingGeneralAndAdministrative": "6071000",
      "researchAndDevelopment": "8721000",
      "operatingExpenses": "23107000",
      "investmentIncomeNet": "None",
      "netInterestIncome": "None",
      "interestIncome": "None",
      "interestExpense": "670000",
      "nonInterestIncome": "None",
      "otherNonOperatingIncome": "-113000",
      "depreciation": "None",
      "depreciationAndAmortization": "1859000",
      "incomeBeforeTax": "-2394000",
      "incomeTaxExpense": "416000",
      "interestAndDebtExpense": "None",
      "netIncomeFromContinuingOperations": "-2810000",
      "comprehensiveIncomeNetOfTax": "None",
      "ebit": "-1724000",
      "ebitda": "135000",
      "netIncome": "-2810000"
    },
    {
      "fiscalDateEnding": "2013-09-30",
      "reportedCurrency": "USD",
      "grossProfit": "17435000",
      "totalRevenue": "62046000",
      "costOfRevenue": "44611000",
      "costofGoodsAndServicesSold": "44611000",
      "operatingIncome": "-5345000",
      "sellingGeneralAndAdministrative": "5937000",
      "researchAndDevelopment": "8293000",
      "operatingExpenses": "22780000",
      "investmentIncomeNet": "None",
      "netInterestIncome": "None",
      "interestIncome": "None",
      "interestExpense": "437000",
      "nonInterestIncome": "None",
      "otherNonOperatingIncome": "-378000",
      "depreciation": "None",
      "depreciationAndAmortization": "1753000",
      "incomeBeforeTax": "-6160000",
      "incomeTaxExpense": "141000",
      "interestAndDebtExpense": "None",
      "netIncomeFromContinuingOperations": "-6301000",
      "comprehensiveIncomeNetOfTax": "None",
      "ebit": "-5723000",
      "ebitda": "-3970000",
      "netIncome": "-6301000"
    },
    {
      "fiscalDateEnding": "2013-06-30",
      "reportedCurrency": "USD",
      "grossProfit": "16284000",
      "totalRevenue": "58167000",
      "costOfRevenue": "41883000",
      "costofGoodsAndServicesSold": "41883000",
      "operatingIncome": "-5491000",
      "sellingGeneralAndAdministrative": "5926000",
      "researchAndDevelopment": "8484000",
      "operatingExpenses": "21775000",
      "investmentIncomeNet": "None",
      "netInterestIncome": "None",
      "interestIncome": "None",
      "interestExpense": "484000",
      "nonInterestIncome": "None",
      "otherNonOperatingIncome": "-297000",
      "depreciation": "None",
      "depreciationAndAmortization": "1709000",
      "incomeBeforeTax": "-6272000",
      "incomeTaxExpense": "124000",
      "interestAndDebtExpense": "None",
      "netIncomeFromContinuingOperations": "-6396000",
      "comprehensiveIncomeNetOfTax": "None",
      "ebit": "-5788000",
      "ebitda": "-4079000",
      "netIncome": "-6396000"
    },
    {
      "fiscalDateEnding": "2013-03-31",
      "reportedCurrency": "USD",
      "grossProfit": "12201000",
      "totalRevenue": "45577000",
      "costOfRevenue": "33376000",
      "costofGoodsAndServicesSold": "33376000",
      "operatingIncome": "-9711000",
      "sellingGeneralAndAdministrative": "6036000",
      "researchAndDevelopment": "9026000",
      "operatingExpenses": "21912000",
      "investmentIncomeNet": "None",
      "netInterestIncome": "None",
      "interestIncome": "None",
      "interestExpense": "464000",
      "nonInterestIncome": "None",
      "otherNonOperatingIncome": "-49000",
      "depreciation": "None",
      "depreciationAndAmortization": "1660000",
      "incomeBeforeTax": "-10224000",
      "incomeTaxExpense": "182000",
      "interestAndDebtExpense": "None",
      "netIncomeFromContinuingOperations": "-10406000",
      "comprehensiveIncomeNetOfTax": "None",
      "ebit": "-9760000",
      "ebitda": "-8100000",
      "netIncome": "-10406000"
    },
    {
      "fiscalDateEnding": "2012-12-31",
      "reportedCurrency": "USD",
      "grossProfit": "16056000",
      "totalRevenue": "57568000",
      "costOfRevenue": "41512000",
      "costofGoodsAndServicesSold": "41512000",
      "operatingIncome": "-6179000",
      "sellingGeneralAndAdministrative": "6177000",
      "researchAndDevelopment": "8533000",
      "operatingExpenses": "22235000",
      "investmentIncomeNet": "None",
      "netInterestIncome": "None",
      "interestIncome": "None",
      "interestExpense": "1025000",
      "nonInterestIncome": "None",
      "otherNonOperatingIncome": "-233000",
      "depreciation": "None",
      "depreciationAndAmortization": "1630000",
      "incomeBeforeTax": "-7437000",
      "incomeTaxExpense": "305000",
      "interestAndDebtExpense": "None",
      "netIncomeFromContinuingOperations": "-7742000",
      "comprehensiveIncomeNetOfTax": "None",
      "ebit": "-6412000",
      "ebitda": "-4782000",
      "netIncome": "-7742000"
    },
    {
      "fiscalDateEnding": "2012-09-30",
      "reportedCurrency": "USD",
      "grossProfit": "16324000",
      "totalRevenue": "60813000",
      "costOfRevenue": "44489000",
      "costofGoodsAndServicesSold": "44489000",
      "operatingIncome": "-8197000",
      "sellingGeneralAndAdministrative": "6911000",
      "researchAndDevelopment": "10571000",
      "operatingExpenses": "24521000",
      "investmentIncomeNet": "None",
      "netInterestIncome": "None",
      "interestIncome": "None",
      "interestExpense": "527000",
      "nonInterestIncome": "None",
      "otherNonOperatingIncome": "-53000",
      "depreciation": "None",
      "depreciationAndAmortization": "1487000",
      "incomeBeforeTax": "-8777000",
      "incomeTaxExpense": "130000",
      "interestAndDebtExpense": "None",
      "netIncomeFromContinuingOperations": "-8907000",
      "comprehensiveIncomeNetOfTax": "None",
      "ebit": "-8250000",
      "ebitda": "-6763000",
      "netIncome": "-8907000"
    },
    {
      "fiscalDateEnding": "2012-06-30",
      "reportedCurrency": "USD",
      "grossProfit": "13601000",
      "totalRevenue": "55697000",
      "costOfRevenue": "42096000",
      "costofGoodsAndServicesSold": "42096000",
      "operatingIncome": "-7505000",
      "sellingGeneralAndAdministrative": "6091000",
      "researchAndDevelopment": "8655000",
      "operatingExpenses": "21106000",
      "investmentIncomeNet": "None",
      "netInterestIncome": "None",
      "interestIncome": "None",
      "interestExpense": "3405000",
      "nonInterestIncome": "None",
      "otherNonOperatingIncome": "-324000",
      "depreciation": "None",
      "depreciationAndAmortization": "1366000",
      "incomeBeforeTax": "-11234000",
      "incomeTaxExpense": "151000",
      "interestAndDebtExpense": "None",
      "netIncomeFromContinuingOperations": "-11385000",
      "comprehensiveIncomeNetOfTax": "None",
      "ebit": "-7829000",
      "ebitda": "-6463000",
      "netIncome": "-11385000"
    },
    {
      "fiscalDateEnding": "2012-03-31",
      "reportedCurrency": "USD",
      "grossProfit": "9307000",
      "totalRevenue": "42600000",
      "costOfRevenue": "33293000",
      "costofGoodsAndServicesSold": "33293000",
      "operatingIncome": "-9280000",
      "sellingGeneralAndAdministrative": "5696000",
      "researchAndDevelopment": "7842000",
      "operatingExpenses": "18587000",
      "investmentIncomeNet": "None",
      "netInterestIncome": "None",
      "interestIncome": "None",
      "interestExpense": "1479000",
      "nonInterestIncome": "None",
      "otherNonOperatingIncome": "640000",
      "depreciation": "None",
      "depreciationAndAmortization": "1085000",
      "incomeBeforeTax": "-10119000",
      "incomeTaxExpense": "65000",
      "interestAndDebtExpense": "None",
      "netIncomeFromContinuingOperations": "-10184000",
      "comprehensiveIncomeNetOfTax": "None",
      "ebit": "-8640000",
      "ebitda": "-7555000",
      "netIncome": "-10184000"
    },
    {
      "fiscalDateEnding": "2011-12-31",
      "reportedCurrency": "USD",
      "grossProfit": "13071000",
      "totalRevenue": "57134000",
      "costOfRevenue": "44063000",
      "costofGoodsAndServicesSold": "44063000",
      "operatingIncome": "-3830000",
      "sellingGeneralAndAdministrative": "4109000",
      "researchAndDevelopment": "7180000",
      "operatingExpenses": "16901000",
      "investmentIncomeNet": "None",
      "netInterestIncome": "None",
      "interestIncome": "None",
      "interestExpense": "1380000",
      "nonInterestIncome": "None",
      "otherNonOperatingIncome": "None",
      "depreciation": "None",
      "depreciationAndAmortization": "1012000",
      "incomeBeforeTax": "-5537000",
      "incomeTaxExpense": "5537000",
      "interestAndDebtExpense": "None",
      "netIncomeFromContinuingOperations": "0",
      "comprehensiveIncomeNetOfTax": "None",
      "ebit": "-3830000",
      "ebitda": "-2818000",
      "netIncome": "-5537000"
    },
    {
      "fiscalDateEnding": "2011-09-30",
      "reportedCurrency": "USD",
      "grossProfit": "8543000",
      "totalRevenue": "44728000",
      "costOfRevenue": "36185000",
      "costofGoodsAndServicesSold": "36185000",
      "operatingIncome": "-6435000",
      "sellingGeneralAndAdministrative": "3980000",
      "researchAndDevelopment": "6431000",
      "operatingExpenses": "14978000",
      "investmentIncomeNet": "None",
      "netInterestIncome": "None",
      "interestIncome": "None",
      "interestExpense": "886000",
      "nonInterestIncome": "None",
      "otherNonOperatingIncome": "None",
      "depreciation": "None",
      "depreciationAndAmortization": "808000",
      "incomeBeforeTax": "-7176000",
      "incomeTaxExpense": "886000",
      "interestAndDebtExpense": "None",
      "netIncomeFromContinuingOperations": "0",
      "comprehensiveIncomeNetOfTax": "None",
      "ebit": "-6290000",
      "ebitda": "-5482000",
      "netIncome": "-7176000"
    },
    {
      "fiscalDateEnding": "2011-06-30",
      "reportedCurrency": "USD",
      "grossProfit": "4807000",
      "totalRevenue": "29592000",
      "costOfRevenue": "24785000",
      "costofGoodsAndServicesSold": "24785000",
      "operatingIncome": "-9490000",
      "sellingGeneralAndAdministrative": "3889000",
      "researchAndDevelopment": "6143000",
      "operatingExpenses": "14297000",
      "investmentIncomeNet": "None",
      "netInterestIncome": "None",
      "interestIncome": "None",
      "interestExpense": "460000",
      "nonInterestIncome": "None",
      "otherNonOperatingIncome": "None",
      "depreciation": "None",
      "depreciationAndAmortization": "668000",
      "incomeBeforeTax": "-10288000",
      "incomeTaxExpense": "460000",
      "interestAndDebtExpense": "None",
      "netIncomeFromContinuingOperations": "0",
      "comprehensiveIncomeNetOfTax": "None",
      "ebit": "-9828000",
      "ebitda": "-9160000",
      "netIncome": "-10288000"
    },
    {
      "fiscalDateEnding": "2011-03-31",
      "reportedCurrency": "USD",
      "grossProfit": "2648000",
      "totalRevenue": "18069000",
      "costOfRevenue": "15421000",
      "costofGoodsAndServicesSold": "15421000",
      "operatingIncome": "-8957000",
      "sellingGeneralAndAdministrative": "3250000",
      "researchAndDevelopment": "5345000",
      "operatingExpenses": "11605000",
      "investmentIncomeNet": "None",
      "netInterestIncome": "None",
      "interestIncome": "None",
      "interestExpense": "280000",
      "nonInterestIncome": "None",
      "otherNonOperatingIncome": "None",
      "depreciation": "None",
      "depreciationAndAmortization": "544000",
      "incomeBeforeTax": "-9289000",
      "incomeTaxExpense": "9289000",
      "interestAndDebtExpense": "None",
      "netIncomeFromContinuingOperations": "0",
      "comprehensiveIncomeNetOfTax": "None",
      "ebit": "-9009000",
      "ebitda": "-8465000",
      "netIncome": "-9289000"
    },
    {
      "fiscalDateEnding": "2010-12-31",
      "reportedCurrency": "USD",
      "grossProfit": "2201000",
      "totalRevenue": "20615000",
      "costOfRevenue": "18414000",
      "costofGoodsAndServicesSold": "18414000",
      "operatingIncome": "-6680000",
      "sellingGeneralAndAdministrative": "1979000",
      "researchAndDevelopment": "4433000",
      "operatingExpenses": "8881000",
      "investmentIncomeNet": "None",
      "netInterestIncome": "None",
      "interestIncome": "None",
      "interestExpense": "277000",
      "nonInterestIncome": "None",
      "otherNonOperatingIncome": "None",
      "depreciation": "None",
      "depreciationAndAmortization": "469000",
      "incomeBeforeTax": "-7023000",
      "incomeTaxExpense": "7023000",
      "interestAndDebtExpense": "None",
      "netIncomeFromContinuingOperations": "0",
      "comprehensiveIncomeNetOfTax": "None",
      "ebit": "-6680000",
      "ebitda": "-6211000",
      "netIncome": "-7023000"
    },
    {
      "fiscalDateEnding": "2010-09-30",
      "reportedCurrency": "USD",
      "grossProfit": "2040000",
      "totalRevenue": "18690000",
      "costOfRevenue": "16650000",
      "costofGoodsAndServicesSold": "16650000",
      "operatingIncome": "-5782000",
      "sellingGeneralAndAdministrative": "1900000",
      "researchAndDevelopment": "3967000",
      "operatingExpenses": "7822000",
      "investmentIncomeNet": "None",
      "netInterestIncome": "None",
      "interestIncome": "None",
      "interestExpense": "280000",
      "nonInterestIncome": "None",
      "otherNonOperatingIncome": "None",
      "depreciation": "None",
      "depreciationAndAmortization": "431000",
      "incomeBeforeTax": "-6104000",
      "incomeTaxExpense": "6104000",
      "interestAndDebtExpense": "None",
      "netIncomeFromContinuingOperations": "0",
      "comprehensiveIncomeNetOfTax": "None",
      "ebit": "-5782000",
      "ebitda": "-5351000",
      "netIncome": "-6104000"
    },
    {
      "fiscalDateEnding": "2010-06-30",
      "reportedCurrency": "USD",
      "grossProfit": "1305000",
      "totalRevenue": "10769000",
      "costOfRevenue": "9464000",
      "costofGoodsAndServicesSold": "9464000",
      "operatingIncome": "-4522000",
      "sellingGeneralAndAdministrative": "1387000",
      "researchAndDevelopment": "3161000",
      "operatingExpenses": "5827000",
      "investmentIncomeNet": "None",
      "netInterestIncome": "None",
      "interestIncome": "None",
      "interestExpense": "282000",
      "nonInterestIncome": "None",
      "otherNonOperatingIncome": "None",
      "depreciation": "None",
      "depreciationAndAmortization": "359000",
      "incomeBeforeTax": "-4851000",
      "incomeTaxExpense": "4851000",
      "interestAndDebtExpense": "None",
      "netIncomeFromContinuingOperations": "0",
      "comprehensiveIncomeNetOfTax": "None",
      "ebit": "-4522000",
      "ebitda": "-4163000",
      "netIncome": "-4851000"
    },
    {
      "fiscalDateEnding": "2010-03-31",
      "reportedCurrency": "USD",
      "grossProfit": "956000",
      "totalRevenue": "11587000",
      "costOfRevenue": "10631000",
      "costofGoodsAndServicesSold": "10631000",
      "operatingIncome": "-3733000",
      "sellingGeneralAndAdministrative": "1099000",
      "researchAndDevelopment": "2735000",
      "operatingExpenses": "4689000",
      "investmentIncomeNet": "None",
      "netInterestIncome": "None",
      "interestIncome": "None",
      "interestExpense": "75000",
      "nonInterestIncome": "None",
      "otherNonOperatingIncome": "None",
      "depreciation": "None",
      "depreciationAndAmortization": "291000",
      "incomeBeforeTax": "-3799000",
      "incomeTaxExpense": "3799000",
      "interestAndDebtExpense": "None",
      "netIncomeFromContinuingOperations": "0",
      "comprehensiveIncomeNetOfTax": "None",
      "ebit": "-3733000",
      "ebitda": "-3442000",
      "netIncome": "-3799000"
    },
    {
      "fiscalDateEnding": "2009-12-31",
      "reportedCurrency": "USD",
      "grossProfit": "0",
      "totalRevenue": "12003000",
      "costOfRevenue": "11145000",
      "costofGoodsAndServicesSold": "11145000",
      "operatingIncome": "0",
      "sellingGeneralAndAdministrative": "4391000",
      "researchAndDevelopment": "2349000",
      "operatingExpenses": "0",
      "investmentIncomeNet": "None",
      "netInterestIncome": "None",
      "interestIncome": "None",
      "interestExpense": "0",
      "nonInterestIncome": "None",
      "otherNonOperatingIncome": "None",
      "depreciation": "None",
      "depreciationAndAmortization": "None",
      "incomeBeforeTax": "0",
      "incomeTaxExpense": "0",
      "interestAndDebtExpense": "None",
      "netIncomeFromContinuingOperations": "0",
      "comprehensiveIncomeNetOfTax": "None",
      "ebit": "0",
      "ebitda": "None",
      "netIncome": "0"
    },
    {
      "fiscalDateEnding": "2009-09-30",
      "reportedCurrency": "USD",
      "grossProfit": "0",
      "totalRevenue": "5407000",
      "costOfRevenue": "5681000",
      "costofGoodsAndServicesSold": "5681000",
      "operatingIncome": "0",
      "sellingGeneralAndAdministrative": "3443000",
      "researchAndDevelopment": "2249000",
      "operatingExpenses": "0",
      "investmentIncomeNet": "None",
      "netInterestIncome": "None",
      "interestIncome": "None",
      "interestExpense": "0",
      "nonInterestIncome": "None",
      "otherNonOperatingIncome": "None",
      "depreciation": "None",
      "depreciationAndAmortization": "None",
      "incomeBeforeTax": "0",
      "incomeTaxExpense": "0",
      "interestAndDebtExpense": "None",
      "netIncomeFromContinuingOperations": "0",
      "comprehensiveIncomeNetOfTax": "None",
      "ebit": "0",
      "ebitda": "None",
      "netIncome": "0"
    },
    {
      "fiscalDateEnding": "2009-06-30",
      "reportedCurrency": "USD",
      "grossProfit": "0",
      "totalRevenue": "1625000",
      "costOfRevenue": "3725000",
      "costofGoodsAndServicesSold": "3725000",
      "operatingIncome": "0",
      "sellingGeneralAndAdministrative": "3032000",
      "researchAndDevelopment": "2061000",
      "operatingExpenses": "0",
      "investmentIncomeNet": "None",
      "netInterestIncome": "None",
      "interestIncome": "None",
      "interestExpense": "0",
      "nonInterestIncome": "None",
      "otherNonOperatingIncome": "None",
      "depreciation": "None",
      "depreciationAndAmortization": "None",
      "incomeBeforeTax": "0",
      "incomeTaxExpense": "0",
      "interestAndDebtExpense": "None",
      "netIncomeFromContinuingOperations": "0",
      "comprehensiveIncomeNetOfTax": "None",
      "ebit": "0",
      "ebitda": "None",
      "netIncome": "0"
    },
    {
      "fiscalDateEnding": "2009-03-31",
      "reportedCurrency": "USD",
      "grossProfit": "0",
      "totalRevenue": "1159000",
      "costOfRevenue": "2672000",
      "costofGoodsAndServicesSold": "2672000",
      "operatingIncome": "0",
      "sellingGeneralAndAdministrative": "2799000",
      "researchAndDevelopment": "1752000",
      "operatingExpenses": "0",
      "investmentIncomeNet": "None",
      "netInterestIncome": "None",
      "interestIncome": "None",
      "interestExpense": "0",
      "nonInterestIncome": "None",
      "otherNonOperatingIncome": "None",
      "depreciation": "None",
      "depreciationAndAmortization": "None",
      "incomeBeforeTax": "0",
      "incomeTaxExpense": "0",
      "interestAndDebtExpense": "None",
      "netIncomeFromContinuingOperations": "0",
      "comprehensiveIncomeNetOfTax": "None",
      "ebit": "0",
      "ebitda": "None",
      "netIncome": "0"
    }
  ]
}