{
  "symbol": "MNDY",
  "annualReports": [
    {
      "fiscalDateEnding": "2024-12-31",
      "reportedCurrency": "USD",
      "grossProfit": "868304000",
      "totalRevenue": "971995000",
      "costOfRevenue": "103691000",
      "costofGoodsAndServicesSold": "103691000",
      "operatingIncome": "-21034000",
      "sellingGeneralAndAdministrative": "142090000",
      "researchAndDevelopment": "213709000",
      "operatingExpenses": "889338000",
      "investmentIncomeNet": "None",
      "netInterestIncome": "60296000",
      "interestIncome": "60791000",
      "interestExpense": "0",
      "nonInterestIncome": "None",
      "otherNonOperatingIncome": "None",
      "depreciation": "None",
      "depreciationAndAmortization": "18240000",
      "incomeBeforeTax": "34466000",
      "incomeTaxExpense": "2094000",
      "interestAndDebtExpense": "None",
      "netIncomeFromContinuingOperations": "32372000",
      "comprehensiveIncomeNetOfTax": "None",
      "ebit": "39757000",
      "ebitda": "57997000",
      "netIncome": "32372000"
    },
    {
      "fiscalDateEnding": "2023-12-31",
      "reportedCurrency": "USD",
      "grossProfit": "649050000",
      "totalRevenue": "729695000",
      "costOfRevenue": "80645000",
      "costofGoodsAndServicesSold": "80645000",
      "operatingIncome": "-38585000",
      "sellingGeneralAndAdministrative": "92733000",
      "researchAndDevelopment": "156500000",
      "operatingExpenses": "687635000",
      "investmentIncomeNet": "None",
      "netInterestIncome": "35500000",
      "interestIncome": "36292000",
      "interestExpense": "443000",
      "nonInterestIncome": "None",
      "otherNonOperatingIncome": "None",
      "depreciation": "None",
      "depreciationAndAmortization": "9023000",
      "incomeBeforeTax": "3326000",
      "incomeTaxExpense": "5203000",
      "interestAndDebtExpense": "None",
      "netIncomeFromContinuingOperations": "-15702000",
      "comprehensiveIncomeNetOfTax": "None",
      "ebit": "3769000",
      "ebitda": "12792000",
      "netIncome": "-1877000"
    },
    {
      "fiscalDateEnding": "2022-12-31",
      "reportedCurrency": "USD",
      "grossProfit": "452501000",
      "totalRevenue": "519029000",
      "costOfRevenue": "66528000",
      "costofGoodsAndServicesSold": "66528000",
      "operatingIncome": "-152015000",
      "sellingGeneralAndAdministrative": "85401000",
      "researchAndDevelopment": "127047000",
      "operatingExpenses": "604516000",
      "investmentIncomeNet": "None",
      "netInterestIncome": "22554000",
      "interestIncome": "18659000",
      "interestExpense": "792000",
      "nonInterestIncome": "None",
      "otherNonOperatingIncome": "None",
      "depreciation": "None",
      "depreciationAndAmortization": "8567000",
      "incomeBeforeTax": "-129461000",
      "incomeTaxExpense": "7406000",
      "interestAndDebtExpense": "None",
      "netIncomeFromContinuingOperations": "-136867000",
      "comprehensiveIncomeNetOfTax": "None",
      "ebit": "-128669000",
      "ebitda": "-120102000",
      "netIncome": "-136867000"
    },
    {
      "fiscalDateEnding": "2021-12-31",
      "reportedCurrency": "USD",
      "grossProfit": "269137000",
      "totalRevenue": "308150000",
      "costOfRevenue": "39013000",
      "costofGoodsAndServicesSold": "39013000",
      "operatingIncome": "-126125000",
      "sellingGeneralAndAdministrative": "53493000",
      "researchAndDevelopment": "73686000",
      "operatingExpenses": "395262000",
      "investmentIncomeNet": "None",
      "netInterestIncome": "-838000",
      "interestIncome": "875000",
      "interestExpense": "971000",
      "nonInterestIncome": "None",
      "otherNonOperatingIncome": "None",
      "depreciation": "None",
      "depreciationAndAmortization": "2746000",
      "incomeBeforeTax": "-126963000",
      "incomeTaxExpense": "2331000",
      "interestAndDebtExpense": "None",
      "netIncomeFromContinuingOperations": "-129294000",
      "comprehensiveIncomeNetOfTax": "None",
      "ebit": "-125992000",
      "ebitda": "-123246000",
      "netIncome": "-129294000"
    },
    {
      "fiscalDateEnding": "2020-12-31",
      "reportedCurrency": "USD",
      "grossProfit": "138635000",
      "totalRevenue": "161123000",
      "costOfRevenue": "22488000",
      "costofGoodsAndServicesSold": "22488000",
      "operatingIncome": "-150537000",
      "sellingGeneralAndAdministrative": "54339000",
      "researchAndDevelopment": "43480000",
      "operatingExpenses": "289172000",
      "investmentIncomeNet": "None",
      "netInterestIncome": "34000",
      "interestIncome": "1045000",
      "interestExpense": "1011000",
      "nonInterestIncome": "None",
      "otherNonOperatingIncome": "None",
      "depreciation": "None",
      "depreciationAndAmortization": "1888000",
      "incomeBeforeTax": "-150011000",
      "incomeTaxExpense": "2192000",
      "interestAndDebtExpense": "None",
      "netIncomeFromContinuingOperations": "-152203000",
      "comprehensiveIncomeNetOfTax": "None",
      "ebit": "-149000000",
      "ebitda": "-147112000",
      "netIncome": "-152203000"
    },
    {
      "fiscalDateEnding": "2019-12-31",
      "reportedCurrency": "USD",
      "grossProfit": "66111000",
      "totalRevenue": "78089000",
      "costOfRevenue": "11978000",
      "costofGoodsAndServicesSold": "11978000",
      "operatingIncome": "-92518000",
      "sellingGeneralAndAdministrative": "15458000",
      "researchAndDevelopment": "24637000",
      "operatingExpenses": "158629000",
      "investmentIncomeNet": "None",
      "netInterestIncome": "1475000",
      "interestIncome": "2244000",
      "interestExpense": "769000",
      "nonInterestIncome": "None",
      "otherNonOperatingIncome": "None",
      "depreciation": "None",
      "depreciationAndAmortization": "579000",
      "incomeBeforeTax": "-90928000",
      "incomeTaxExpense": "683000",
      "interestAndDebtExpense": "None",
      "netIncomeFromContinuingOperations": "-91611000",
      "comprehensiveIncomeNetOfTax": "None",
      "ebit": "-90159000",
      "ebitda": "-89580000",
      "netIncome": "-91611000"
    }
  ],
  "quarterlyReports": [
    {
      "fiscalDateEnding": "2025-09-30",
      "reportedCurrency": "USD",
      "grossProfit": "281067000",
      "totalRevenue": "316855000",
      "costOfRevenue": "35788000",
      "costofGoodsAndServicesSold": "35788000",
      "operatingIncome": "-2378000",
      "sellingGeneralAndAdministrative": "203992000",
      "researchAndDevelopment": "79453000",
      "operatingExpenses": "283445000",
      "investmentIncomeNet": "None",
      "netInterestIncome": "15762000",
      "interestIncome": "15762000",
      "interestExpense": "None",
      "nonInterestIncome": "None",
      "otherNonOperatingIncome": "None",
      "depreciation": "None",
      "depreciationAndAmortization": "3500000",
      "incomeBeforeTax": "13384000",
      "incomeTaxExpense": "332000",
      "interestAndDebtExpense": "None",
      "netIncomeFromContinuingOperations": "13052000",
      "comprehensiveIncomeNetOfTax": "None",
      "ebit": "13384000",
      "ebitda": "16884000",
      "netIncome": "13052000"
    },
    {
      "fiscalDateEnding": "2025-06-30",
      "reportedCurrency": "USD",
      "grossProfit": "267841000",
      "totalRevenue": "299014000",
      "costOfRevenue": "31173000",
      "costofGoodsAndServicesSold": "31173000",
      "operatingIncome": "-11551000",
      "sellingGeneralAndAdministrative": "39763000",
      "researchAndDevelopment": "87039000",
      "operatingExpenses": "279392000",
      "investmentIncomeNet": "None",
      "netInterestIncome": "14102000",
      "interestIncome": "14102000",
      "interestExpense": "None",
      "nonInterestIncome": "None",
      "otherNonOperatingIncome": "None",
      "depreciation": "None",
      "depreciationAndAmortization": "3375000",
      "incomeBeforeTax": "2551000",
      "incomeTaxExpense": "978000",
      "interestAndDebtExpense": "None",
      "netIncomeFromContinuingOperations": "1573000",
      "comprehensiveIncomeNetOfTax": "None",
      "ebit": "2551000",
      "ebitda": "5926000",
      "netIncome": "1573000"
    },
    {
      "fiscalDateEnding": "2025-03-31",
      "reportedCurrency": "USD",
      "grossProfit": "253445000",
      "totalRevenue": "282250000",
      "costOfRevenue": "28805000",
      "costofGoodsAndServicesSold": "28805000",
      "operatingIncome": "9796000",
      "sellingGeneralAndAdministrative": "32544000",
      "researchAndDevelopment": "69385000",
      "operatingExpenses": "243649000",
      "investmentIncomeNet": "None",
      "netInterestIncome": "17647000",
      "interestIncome": "17647000",
      "interestExpense": "None",
      "nonInterestIncome": "None",
      "otherNonOperatingIncome": "None",
      "depreciation": "None",
      "depreciationAndAmortization": "3250000",
      "incomeBeforeTax": "27443000",
      "incomeTaxExpense": "18000",
      "interestAndDebtExpense": "None",
      "netIncomeFromContinuingOperations": "27425000",
      "comprehensiveIncomeNetOfTax": "None",
      "ebit": "27443000",
      "ebitda": "30693000",
      "netIncome": "27425000"
    },
    {
      "fiscalDateEnding": "2024-12-31",
      "reportedCurrency": "USD",
      "grossProfit": "237474000",
      "totalRevenue": "267976000",
      "costOfRevenue": "30502000",
      "costofGoodsAndServicesSold": "30502000",
      "operatingIncome": "9596000",
      "sellingGeneralAndAdministrative": "31903000",
      "researchAndDevelopment": "62332000",
      "operatingExpenses": "227878000",
      "investmentIncomeNet": "None",
      "netInterestIncome": "17665000",
      "interestIncome": "18160000",
      "interestExpense": "None",
      "nonInterestIncome": "None",
      "otherNonOperatingIncome": "None",
      "depreciation": "None",
      "depreciationAndAmortization": "9598000",
      "incomeBeforeTax": "22465000",
      "incomeTaxExpense": "-540000",
      "interestAndDebtExpense": "None",
      "netIncomeFromContinuingOperations": "23005000",
      "comprehensiveIncomeNetOfTax": "None",
      "ebit": "22465000",
      "ebitda": "32063000",
      "netIncome": "23005000"
    },
    {
      "fiscalDateEnding": "2024-09-30",
      "reportedCurrency": "USD",
      "grossProfit": "225028000",
      "totalRevenue": "251000000",
      "costOfRevenue": "25972000",
      "costofGoodsAndServicesSold": "25972000",
      "operatingIncome": "-27402000",
      "sellingGeneralAndAdministrative": "55637000",
      "researchAndDevelopment": "56509000",
      "operatingExpenses": "252430000",
      "investmentIncomeNet": "None",
      "netInterestIncome": "14942000",
      "interestIncome": "14942000",
      "interestExpense": "None",
      "nonInterestIncome": "None",
      "otherNonOperatingIncome": "None",
      "depreciation": "None",
      "depreciationAndAmortization": "3205000",
      "incomeBeforeTax": "-12460000",
      "incomeTaxExpense": "-434000",
      "interestAndDebtExpense": "None",
      "netIncomeFromContinuingOperations": "-12026000",
      "comprehensiveIncomeNetOfTax": "None",
      "ebit": "-27402000",
      "ebitda": "-24197000",
      "netIncome": "-12026000"
    },
    {
      "fiscalDateEnding": "2024-06-30",
      "reportedCurrency": "USD",
      "grossProfit": "212343000",
      "totalRevenue": "236106000",
      "costOfRevenue": "23763000",
      "costofGoodsAndServicesSold": "23763000",
      "operatingIncome": "1794000",
      "sellingGeneralAndAdministrative": "28633000",
      "researchAndDevelopment": "50445000",
      "operatingExpenses": "210549000",
      "investmentIncomeNet": "None",
      "netInterestIncome": "14850000",
      "interestIncome": "14850000",
      "interestExpense": "None",
      "nonInterestIncome": "None",
      "otherNonOperatingIncome": "None",
      "depreciation": "None",
      "depreciationAndAmortization": "2920000",
      "incomeBeforeTax": "16644000",
      "incomeTaxExpense": "2329000",
      "interestAndDebtExpense": "None",
      "netIncomeFromContinuingOperations": "14315000",
      "comprehensiveIncomeNetOfTax": "None",
      "ebit": "1794000",
      "ebitda": "4714000",
      "netIncome": "14315000"
    },
    {
      "fiscalDateEnding": "2024-03-31",
      "reportedCurrency": "USD",
      "grossProfit": "193459000",
      "totalRevenue": "216913000",
      "costOfRevenue": "23454000",
      "costofGoodsAndServicesSold": "23454000",
      "operatingIncome": "-5022000",
      "sellingGeneralAndAdministrative": "25917000",
      "researchAndDevelopment": "44423000",
      "operatingExpenses": "198481000",
      "investmentIncomeNet": "None",
      "netInterestIncome": "12839000",
      "interestIncome": "12839000",
      "interestExpense": "None",
      "nonInterestIncome": "None",
      "otherNonOperatingIncome": "None",
      "depreciation": "None",
      "depreciationAndAmortization": "2533000",
      "incomeBeforeTax": "7817000",
      "incomeTaxExpense": "739000",
      "interestAndDebtExpense": "None",
      "netIncomeFromContinuingOperations": "7078000",
      "comprehensiveIncomeNetOfTax": "None",
      "ebit": "-5022000",
      "ebitda": "-2489000",
      "netIncome": "7078000"
    },
    {
      "fiscalDateEnding": "2023-12-31",
      "reportedCurrency": "USD",
      "grossProfit": "180162000",
      "totalRevenue": "202570000",
      "costOfRevenue": "22408000",
      "costofGoodsAndServicesSold": "22408000",
      "operatingIncome": "-1145000",
      "sellingGeneralAndAdministrative": "24490000",
      "researchAndDevelopment": "41898000",
      "operatingExpenses": "181307000",
      "investmentIncomeNet": "None",
      "netInterestIncome": "12500000",
      "interestIncome": "12943000",
      "interestExpense": "361000",
      "nonInterestIncome": "None",
      "otherNonOperatingIncome": "None",
      "depreciation": "None",
      "depreciationAndAmortization": "2556000",
      "incomeBeforeTax": "11716000",
      "incomeTaxExpense": "-621000",
      "interestAndDebtExpense": "None",
      "netIncomeFromContinuingOperations": "12337000",
      "comprehensiveIncomeNetOfTax": "None",
      "ebit": "11716000",
      "ebitda": "14272000",
      "netIncome": "12337000"
    },
    {
      "fiscalDateEnding": "2023-09-30",
      "reportedCurrency": "USD",
      "grossProfit": "167483000",
      "totalRevenue": "189190000",
      "costOfRevenue": "21707000",
      "costofGoodsAndServicesSold": "21707000",
      "operatingIncome": "-2521000",
      "sellingGeneralAndAdministrative": "23211000",
      "researchAndDevelopment": "38433000",
      "operatingExpenses": "170004000",
      "investmentIncomeNet": "None",
      "netInterestIncome": "11555000",
      "interestIncome": "11555000",
      "interestExpense": "361000",
      "nonInterestIncome": "None",
      "otherNonOperatingIncome": "None",
      "depreciation": "None",
      "depreciationAndAmortization": "2331000",
      "incomeBeforeTax": "9034000",
      "incomeTaxExpense": "1546000",
      "interestAndDebtExpense": "None",
      "netIncomeFromContinuingOperations": "7488000",
      "comprehensiveIncomeNetOfTax": "None",
      "ebit": "-2521000",
      "ebitda": "-190000",
      "netIncome": "7488000"
    },
    {
      "fiscalDateEnding": "2023-06-30",
      "reportedCurrency": "USD",
      "grossProfit": "156163000",
      "totalRevenue": "175679000",
      "costOfRevenue": "19516000",
      "costofGoodsAndServicesSold": "19516000",
      "operatingIncome": "-12167000",
      "sellingGeneralAndAdministrative": "21781000",
      "researchAndDevelopment": "39106000",
      "operatingExpenses": "168330000",
      "investmentIncomeNet": "None",
      "netInterestIncome": "7612000",
      "interestIncome": "None",
      "interestExpense": "None",
      "nonInterestIncome": "None",
      "otherNonOperatingIncome": "None",
      "depreciation": "None",
      "depreciationAndAmortization": "2164000",
      "incomeBeforeTax": "-4555000",
      "incomeTaxExpense": "2480000",
      "interestAndDebtExpense": "None",
      "netIncomeFromContinuingOperations": "-7035000",
      "comprehensiveIncomeNetOfTax": "None",
      "ebit": "-12167000",
      "ebitda": "-10003000",
      "netIncome": "-7035000"
    },
    {
      "fiscalDateEnding": "2023-03-31",
      "reportedCurrency": "USD",
      "grossProfit": "145242000",
      "totalRevenue": "162256000",
      "costOfRevenue": "17014000",
      "costofGoodsAndServicesSold": "17014000",
      "operatingIncome": "-22752000",
      "sellingGeneralAndAdministrative": "23251000",
      "researchAndDevelopment": "37063000",
      "operatingExpenses": "167994000",
      "investmentIncomeNet": "None",
      "netInterestIncome": "9883000",
      "interestIncome": "9883000",
      "interestExpense": "9883000",
      "nonInterestIncome": "None",
      "otherNonOperatingIncome": "None",
      "depreciation": "None",
      "depreciationAndAmortization": "1972000",
      "incomeBeforeTax": "-12869000",
      "incomeTaxExpense": "1798000",
      "interestAndDebtExpense": "None",
      "netIncomeFromContinuingOperations": "-14667000",
      "comprehensiveIncomeNetOfTax": "None",
      "ebit": "-22752000",
      "ebitda": "-20780000",
      "netIncome": "-14667000"
    },
    {
      "fiscalDateEnding": "2022-12-31",
      "reportedCurrency": "USD",
      "grossProfit": "132562000",
      "totalRevenue": "149921000",
      "costOfRevenue": "17359000",
      "costofGoodsAndServicesSold": "17359000",
      "operatingIncome": "-10100000",
      "sellingGeneralAndAdministrative": "21717000",
      "researchAndDevelopment": "32560000",
      "operatingExpenses": "142662000",
      "investmentIncomeNet": "None",
      "netInterestIncome": "11137000",
      "interestIncome": "7242000",
      "interestExpense": "11137000",
      "nonInterestIncome": "None",
      "otherNonOperatingIncome": "None",
      "depreciation": "None",
      "depreciationAndAmortization": "3183000",
      "incomeBeforeTax": "1037000",
      "incomeTaxExpense": "2525000",
      "interestAndDebtExpense": "None",
      "netIncomeFromContinuingOperations": "-1488000",
      "comprehensiveIncomeNetOfTax": "None",
      "ebit": "1037000",
      "ebitda": "4220000",
      "netIncome": "-1488000"
    },
    {
      "fiscalDateEnding": "2022-09-30",
      "reportedCurrency": "USD",
      "grossProfit": "119063000",
      "totalRevenue": "136893000",
      "costOfRevenue": "17830000",
      "costofGoodsAndServicesSold": "17830000",
      "operatingIncome": "-28239000",
      "sellingGeneralAndAdministrative": "22348000",
      "researchAndDevelopment": "33984000",
      "operatingExpenses": "147302000",
      "investmentIncomeNet": "None",
      "netInterestIncome": "6972000",
      "interestIncome": "6972000",
      "interestExpense": "6972000",
      "nonInterestIncome": "None",
      "otherNonOperatingIncome": "None",
      "depreciation": "None",
      "depreciationAndAmortization": "2860000",
      "incomeBeforeTax": "-21267000",
      "incomeTaxExpense": "1763000",
      "interestAndDebtExpense": "None",
      "netIncomeFromContinuingOperations": "-23030000",
      "comprehensiveIncomeNetOfTax": "None",
      "ebit": "-28239000",
      "ebitda": "-25379000",
      "netIncome": "-23030000"
    },
    {
      "fiscalDateEnding": "2022-06-30",
      "reportedCurrency": "USD",
      "grossProfit": "106988000",
      "totalRevenue": "123718000",
      "costOfRevenue": "16730000",
      "costofGoodsAndServicesSold": "16730000",
      "operatingIncome": "-46180000",
      "sellingGeneralAndAdministrative": "22466000",
      "researchAndDevelopment": "33962000",
      "operatingExpenses": "153168000",
      "investmentIncomeNet": "None",
      "netInterestIncome": "2452000",
      "interestIncome": "None",
      "interestExpense": "2452000",
      "nonInterestIncome": "None",
      "otherNonOperatingIncome": "None",
      "depreciation": "None",
      "depreciationAndAmortization": "1397000",
      "incomeBeforeTax": "-43728000",
      "incomeTaxExpense": "1943000",
      "interestAndDebtExpense": "None",
      "netIncomeFromContinuingOperations": "-45671000",
      "comprehensiveIncomeNetOfTax": "None",
      "ebit": "-46180000",
      "ebitda": "-44783000",
      "netIncome": "-45671000"
    },
    {
      "fiscalDateEnding": "2022-03-31",
      "reportedCurrency": "USD",
      "grossProfit": "93888000",
      "totalRevenue": "108497000",
      "costOfRevenue": "14609000",
      "costofGoodsAndServicesSold": "14609000",
      "operatingIncome": "-67496000",
      "sellingGeneralAndAdministrative": "18870000",
      "researchAndDevelopment": "26541000",
      "operatingExpenses": "161384000",
      "investmentIncomeNet": "None",
      "netInterestIncome": "1993000",
      "interestIncome": "None",
      "interestExpense": "2452000",
      "nonInterestIncome": "None",
      "otherNonOperatingIncome": "None",
      "depreciation": "None",
      "depreciationAndAmortization": "1127000",
      "incomeBeforeTax": "-65503000",
      "incomeTaxExpense": "1175000",
      "interestAndDebtExpense": "None",
      "netIncomeFromContinuingOperations": "-66678000",
      "comprehensiveIncomeNetOfTax": "None",
      "ebit": "-67496000",
      "ebitda": "-66369000",
      "netIncome": "-66678000"
    },
    {
      "fiscalDateEnding": "2021-12-31",
      "reportedCurrency": "USD",
      "grossProfit": "83777000",
      "totalRevenue": "95545000",
      "costOfRevenue": "11768000",
      "costofGoodsAndServicesSold": "11768000",
      "operatingIncome": "-31598000",
      "sellingGeneralAndAdministrative": "16881000",
      "researchAndDevelopment": "21959000",
      "operatingExpenses": "115375000",
      "investmentIncomeNet": "None",
      "netInterestIncome": "147000",
      "interestIncome": "None",
      "interestExpense": "173000",
      "nonInterestIncome": "None",
      "otherNonOperatingIncome": "None",
      "depreciation": "None",
      "depreciationAndAmortization": "963000",
      "incomeBeforeTax": "-31451000",
      "incomeTaxExpense": "1154000",
      "interestAndDebtExpense": "None",
      "netIncomeFromContinuingOperations": "-32605000",
      "comprehensiveIncomeNetOfTax": "None",
      "ebit": "-32145000",
      "ebitda": "-31182000",
      "netIncome": "-32605000"
    },
    {
      "fiscalDateEnding": "2021-09-30",
      "reportedCurrency": "USD",
      "grossProfit": "72805000",
      "totalRevenue": "83018000",
      "costOfRevenue": "10213000",
      "costofGoodsAndServicesSold": "10213000",
      "operatingIncome": "-29211000",
      "sellingGeneralAndAdministrative": "14698000",
      "researchAndDevelopment": "19875000",
      "operatingExpenses": "102016000",
      "investmentIncomeNet": "None",
      "netInterestIncome": "-220000",
      "interestIncome": "None",
      "interestExpense": "220000",
      "nonInterestIncome": "None",
      "otherNonOperatingIncome": "None",
      "depreciation": "None",
      "depreciationAndAmortization": "709000",
      "incomeBeforeTax": "-29431000",
      "incomeTaxExpense": "-585000",
      "interestAndDebtExpense": "None",
      "netIncomeFromContinuingOperations": "-28846000",
      "comprehensiveIncomeNetOfTax": "None",
      "ebit": "-29211000",
      "ebitda": "-28502000",
      "netIncome": "-28846000"
    },
    {
      "fiscalDateEnding": "2021-06-30",
      "reportedCurrency": "USD",
      "grossProfit": "61507000",
      "totalRevenue": "70615000",
      "costOfRevenue": "9108000",
      "costofGoodsAndServicesSold": "9108000",
      "operatingIncome": "-27469000",
      "sellingGeneralAndAdministrative": "11648000",
      "researchAndDevelopment": "16271000",
      "operatingExpenses": "88976000",
      "investmentIncomeNet": "None",
      "netInterestIncome": "-359000",
      "interestIncome": "None",
      "interestExpense": "359000",
      "nonInterestIncome": "None",
      "otherNonOperatingIncome": "None",
      "depreciation": "None",
      "depreciationAndAmortization": "527000",
      "incomeBeforeTax": "-27828000",
      "incomeTaxExpense": "1063000",
      "interestAndDebtExpense": "None",
      "netIncomeFromContinuingOperations": "-28891000",
      "comprehensiveIncomeNetOfTax": "None",
      "ebit": "-27469000",
      "ebitda": "-26942000",
      "netIncome": "-28891000"
    },
    {
      "fiscalDateEnding": "2021-03-31",
      "reportedCurrency": "USD",
      "grossProfit": "51048000",
      "totalRevenue": "58972000",
      "costOfRevenue": "7924000",
      "costofGoodsAndServicesSold": "7924000",
      "operatingIncome": "-37847000",
      "sellingGeneralAndAdministrative": "10266000",
      "researchAndDevelopment": "15581000",
      "operatingExpenses": "88895000",
      "investmentIncomeNet": "None",
      "netInterestIncome": "-240000",
      "interestIncome": "78000",
      "interestExpense": "318000",
      "nonInterestIncome": "None",
      "otherNonOperatingIncome": "None",
      "depreciation": "None",
      "depreciationAndAmortization": "547000",
      "incomeBeforeTax": "-38253000",
      "incomeTaxExpense": "699000",
      "interestAndDebtExpense": "None",
      "netIncomeFromContinuingOperations": "-38952000",
      "comprehensiveIncomeNetOfTax": "None",
      "ebit": "-37847000",
      "ebitda": "-37300000",
      "netIncome": "-38952000"
    },
    {
      "fiscalDateEnding": "2020-12-31",
      "reportedCurrency": "USD",
      "grossProfit": "43461000",
      "totalRevenue": "50142000",
      "costOfRevenue": "6681000",
      "costofGoodsAndServicesSold": "6681000",
      "operatingIncome": "-61696000",
      "sellingGeneralAndAdministrative": "36828000",
      "researchAndDevelopment": "11428000",
      "operatingExpenses": "105157000",
      "investmentIncomeNet": "None",
      "netInterestIncome": "-695000",
      "interestIncome": "None",
      "interestExpense": "203000",
      "nonInterestIncome": "None",
      "otherNonOperatingIncome": "None",
      "depreciation": "None",
      "depreciationAndAmortization": "591000",
      "incomeBeforeTax": "-61899000",
      "incomeTaxExpense": "962000",
      "interestAndDebtExpense": "None",
      "netIncomeFromContinuingOperations": "-62861000",
      "comprehensiveIncomeNetOfTax": "None",
      "ebit": "-60499000",
      "ebitda": "-59908000",
      "netIncome": "-62861000"
    },
    {
      "fiscalDateEnding": "2020-09-30",
      "reportedCurrency": "USD",
      "grossProfit": "36259000",
      "totalRevenue": "42592000",
      "costOfRevenue": "6333000",
      "costofGoodsAndServicesSold": "6333000",
      "operatingIncome": "-40647000",
      "sellingGeneralAndAdministrative": "6415000",
      "researchAndDevelopment": "12620000",
      "operatingExpenses": "76906000",
      "investmentIncomeNet": "None",
      "netInterestIncome": "239000",
      "interestIncome": "None",
      "interestExpense": "None",
      "nonInterestIncome": "None",
      "otherNonOperatingIncome": "None",
      "depreciation": "None",
      "depreciationAndAmortization": "510000",
      "incomeBeforeTax": "-40408000",
      "incomeTaxExpense": "671000",
      "interestAndDebtExpense": "None",
      "netIncomeFromContinuingOperations": "-41079000",
      "comprehensiveIncomeNetOfTax": "None",
      "ebit": "-40647000",
      "ebitda": "-40137000",
      "netIncome": "-41079000"
    },
    {
      "fiscalDateEnding": "2020-06-30",
      "reportedCurrency": "USD",
      "grossProfit": "31577000",
      "totalRevenue": "36460000",
      "costOfRevenue": "4883000",
      "costofGoodsAndServicesSold": "4883000",
      "operatingIncome": "-28191000",
      "sellingGeneralAndAdministrative": "7351000",
      "researchAndDevelopment": "12781000",
      "operatingExpenses": "59768000",
      "investmentIncomeNet": "None",
      "netInterestIncome": "141000",
      "interestIncome": "None",
      "interestExpense": "None",
      "nonInterestIncome": "None",
      "otherNonOperatingIncome": "None",
      "depreciation": "None",
      "depreciationAndAmortization": "441000",
      "incomeBeforeTax": "-28050000",
      "incomeTaxExpense": "350000",
      "interestAndDebtExpense": "None",
      "netIncomeFromContinuingOperations": "-28400000",
      "comprehensiveIncomeNetOfTax": "None",
      "ebit": "-28191000",
      "ebitda": "-27750000",
      "netIncome": "-28400000"
    },
    {
      "fiscalDateEnding": "2020-03-31",
      "reportedCurrency": "USD",
      "grossProfit": "27338000",
      "totalRevenue": "31929000",
      "costOfRevenue": "4591000",
      "costofGoodsAndServicesSold": "4591000",
      "operatingIncome": "-20003000",
      "sellingGeneralAndAdministrative": "3745000",
      "researchAndDevelopment": "6651000",
      "operatingExpenses": "47341000",
      "investmentIncomeNet": "None",
      "netInterestIncome": "203000",
      "interestIncome": "485000",
      "interestExpense": "282000",
      "nonInterestIncome": "None",
      "otherNonOperatingIncome": "None",
      "depreciation": "None",
      "depreciationAndAmortization": "346000",
      "incomeBeforeTax": "-19654000",
      "incomeTaxExpense": "209000",
      "interestAndDebtExpense": "None",
      "netIncomeFromContinuingOperations": "-19863000",
      "comprehensiveIncomeNetOfTax": "None",
      "ebit": "-19372000",
      "ebitda": "-19026000",
      "netIncome": "-19863000"
    }
  ]
}