{
  "symbol": "FSLR",
  "annualReports": [
    {
      "fiscalDateEnding": "2024-12-31",
      "reportedCurrency": "USD",
      "grossProfit": "1857864000",
      "totalRevenue": "4206289000",
      "costOfRevenue": "2348425000",
      "costofGoodsAndServicesSold": "2348425000",
      "operatingIncome": "1394420000",
      "sellingGeneralAndAdministrative": "188262000",
      "researchAndDevelopment": "191375000",
      "operatingExpenses": "463444000",
      "investmentIncomeNet": "None",
      "netInterestIncome": "50220000",
      "interestIncome": "89090000",
      "interestExpense": "38870000",
      "nonInterestIncome": "None",
      "otherNonOperatingIncome": "None",
      "depreciation": "None",
      "depreciationAndAmortization": "423498000",
      "incomeBeforeTax": "1406338000",
      "incomeTaxExpense": "114294000",
      "interestAndDebtExpense": "None",
      "netIncomeFromContinuingOperations": "1292044000",
      "comprehensiveIncomeNetOfTax": "None",
      "ebit": "1445208000",
      "ebitda": "1868706000",
      "netIncome": "1292044000"
    },
    {
      "fiscalDateEnding": "2023-12-31",
      "reportedCurrency": "USD",
      "grossProfit": "1300679000",
      "totalRevenue": "3318602000",
      "costOfRevenue": "2017923000",
      "costofGoodsAndServicesSold": "2017923000",
      "operatingIncome": "857266000",
      "sellingGeneralAndAdministrative": "183262000",
      "researchAndDevelopment": "152307000",
      "operatingExpenses": "443413000",
      "investmentIncomeNet": "None",
      "netInterestIncome": "83402000",
      "interestIncome": "92432000",
      "interestExpense": "12965000",
      "nonInterestIncome": "None",
      "otherNonOperatingIncome": "None",
      "depreciation": "None",
      "depreciationAndAmortization": "307994000",
      "incomeBeforeTax": "891290000",
      "incomeTaxExpense": "60513000",
      "interestAndDebtExpense": "None",
      "netIncomeFromContinuingOperations": "473990000",
      "comprehensiveIncomeNetOfTax": "None",
      "ebit": "904255000",
      "ebitda": "1212249000",
      "netIncome": "830777000"
    },
    {
      "fiscalDateEnding": "2022-12-31",
      "reportedCurrency": "USD",
      "grossProfit": "69858000",
      "totalRevenue": "2619319000",
      "costOfRevenue": "2549461000",
      "costofGoodsAndServicesSold": "2549461000",
      "operatingIncome": "-27236000",
      "sellingGeneralAndAdministrative": "164724000",
      "researchAndDevelopment": "112804000",
      "operatingExpenses": "97094000",
      "investmentIncomeNet": "None",
      "netInterestIncome": "21059000",
      "interestIncome": "33284000",
      "interestExpense": "12225000",
      "nonInterestIncome": "None",
      "otherNonOperatingIncome": "None",
      "depreciation": "None",
      "depreciationAndAmortization": "269724000",
      "incomeBeforeTax": "8598000",
      "incomeTaxExpense": "52764000",
      "interestAndDebtExpense": "None",
      "netIncomeFromContinuingOperations": "-44166000",
      "comprehensiveIncomeNetOfTax": "None",
      "ebit": "20823000",
      "ebitda": "290547000",
      "netIncome": "-44166000"
    },
    {
      "fiscalDateEnding": "2021-12-31",
      "reportedCurrency": "USD",
      "grossProfit": "729954000",
      "totalRevenue": "2923377000",
      "costOfRevenue": "2193423000",
      "costofGoodsAndServicesSold": "2193423000",
      "operatingIncome": "586751000",
      "sellingGeneralAndAdministrative": "170320000",
      "researchAndDevelopment": "99115000",
      "operatingExpenses": "143203000",
      "investmentIncomeNet": "None",
      "netInterestIncome": "-6928000",
      "interestIncome": "6179000",
      "interestExpense": "13107000",
      "nonInterestIncome": "None",
      "otherNonOperatingIncome": "-1482000",
      "depreciation": "None",
      "depreciationAndAmortization": "259900000",
      "incomeBeforeTax": "572162000",
      "incomeTaxExpense": "103469000",
      "interestAndDebtExpense": "None",
      "netIncomeFromContinuingOperations": "468693000",
      "comprehensiveIncomeNetOfTax": "None",
      "ebit": "585269000",
      "ebitda": "845169000",
      "netIncome": "468693000"
    },
    {
      "fiscalDateEnding": "2020-12-31",
      "reportedCurrency": "USD",
      "grossProfit": "680673000",
      "totalRevenue": "2711332000",
      "costOfRevenue": "2030659000",
      "costofGoodsAndServicesSold": "2030659000",
      "operatingIncome": "317489000",
      "sellingGeneralAndAdministrative": "222918000",
      "researchAndDevelopment": "93738000",
      "operatingExpenses": "363184000",
      "investmentIncomeNet": "None",
      "netInterestIncome": "-7477000",
      "interestIncome": "16559000",
      "interestExpense": "24036000",
      "nonInterestIncome": "None",
      "otherNonOperatingIncome": "-2392000",
      "depreciation": "None",
      "depreciationAndAmortization": "232925000",
      "incomeBeforeTax": "291061000",
      "incomeTaxExpense": "-107294000",
      "interestAndDebtExpense": "None",
      "netIncomeFromContinuingOperations": "400484000",
      "comprehensiveIncomeNetOfTax": "None",
      "ebit": "317226000",
      "ebitda": "550151000",
      "netIncome": "398355000"
    },
    {
      "fiscalDateEnding": "2019-12-31",
      "reportedCurrency": "USD",
      "grossProfit": "549212000",
      "totalRevenue": "3063117000",
      "costOfRevenue": "2513905000",
      "costofGoodsAndServicesSold": "2513905000",
      "operatingIncome": "-161785000",
      "sellingGeneralAndAdministrative": "205471000",
      "researchAndDevelopment": "96611000",
      "operatingExpenses": "710997000",
      "investmentIncomeNet": "None",
      "netInterestIncome": "21820000",
      "interestIncome": "48886000",
      "interestExpense": "27066000",
      "nonInterestIncome": "None",
      "otherNonOperatingIncome": "68438000",
      "depreciation": "None",
      "depreciationAndAmortization": "205475000",
      "incomeBeforeTax": "-120413000",
      "incomeTaxExpense": "-5480000",
      "interestAndDebtExpense": "None",
      "netIncomeFromContinuingOperations": "-114649000",
      "comprehensiveIncomeNetOfTax": "None",
      "ebit": "-93063000",
      "ebitda": "112412000",
      "netIncome": "-114933000"
    },
    {
      "fiscalDateEnding": "2018-12-31",
      "reportedCurrency": "USD",
      "grossProfit": "392177000",
      "totalRevenue": "2244044000",
      "costOfRevenue": "1851867000",
      "costofGoodsAndServicesSold": "1851867000",
      "operatingIncome": "40113000",
      "sellingGeneralAndAdministrative": "176857000",
      "researchAndDevelopment": "84472000",
      "operatingExpenses": "352064000",
      "investmentIncomeNet": "None",
      "netInterestIncome": "33867000",
      "interestIncome": "59788000",
      "interestExpense": "25921000",
      "nonInterestIncome": "None",
      "otherNonOperatingIncome": "133575000",
      "depreciation": "None",
      "depreciationAndAmortization": "130736000",
      "incomeBeforeTax": "147767000",
      "incomeTaxExpense": "3441000",
      "interestAndDebtExpense": "None",
      "netIncomeFromContinuingOperations": "109706000",
      "comprehensiveIncomeNetOfTax": "None",
      "ebit": "139068000",
      "ebitda": "269804000",
      "netIncome": "144326000"
    },
    {
      "fiscalDateEnding": "2017-12-31",
      "reportedCurrency": "USD",
      "grossProfit": "548947000",
      "totalRevenue": "2941324000",
      "costOfRevenue": "2392377000",
      "costofGoodsAndServicesSold": "2392377000",
      "operatingIncome": "177851000",
      "sellingGeneralAndAdministrative": "202699000",
      "researchAndDevelopment": "88573000",
      "operatingExpenses": "371096000",
      "investmentIncomeNet": "None",
      "netInterestIncome": "9939000",
      "interestIncome": "35704000",
      "interestExpense": "25765000",
      "nonInterestIncome": "None",
      "otherNonOperatingIncome": "54295000",
      "depreciation": "None",
      "depreciationAndAmortization": "115313000",
      "incomeBeforeTax": "206381000",
      "incomeTaxExpense": "371996000",
      "interestAndDebtExpense": "None",
      "netIncomeFromContinuingOperations": "-169881000",
      "comprehensiveIncomeNetOfTax": "None",
      "ebit": "227880000",
      "ebitda": "343193000",
      "netIncome": "-165615000"
    },
    {
      "fiscalDateEnding": "2016-12-31",
      "reportedCurrency": "USD",
      "grossProfit": "638418000",
      "totalRevenue": "2904563000",
      "costOfRevenue": "2266145000",
      "costofGoodsAndServicesSold": "2266145000",
      "operatingIncome": "-568151000",
      "sellingGeneralAndAdministrative": "261994000",
      "researchAndDevelopment": "124762000",
      "operatingExpenses": "1206569000",
      "investmentIncomeNet": "None",
      "netInterestIncome": "4655000",
      "interestIncome": "25193000",
      "interestExpense": "20538000",
      "nonInterestIncome": "None",
      "otherNonOperatingIncome": "223383000",
      "depreciation": "None",
      "depreciationAndAmortization": "230940000",
      "incomeBeforeTax": "-392945000",
      "incomeTaxExpense": "23167000",
      "interestAndDebtExpense": "None",
      "netIncomeFromContinuingOperations": "-529909000",
      "comprehensiveIncomeNetOfTax": "None",
      "ebit": "-516713000",
      "ebitda": "-285773000",
      "netIncome": "-416112000"
    },
    {
      "fiscalDateEnding": "2015-12-31",
      "reportedCurrency": "USD",
      "grossProfit": "1132762000",
      "totalRevenue": "4112650000",
      "costOfRevenue": "2979888000",
      "costofGoodsAndServicesSold": "2979888000",
      "operatingIncome": "730159000",
      "sellingGeneralAndAdministrative": "255192000",
      "researchAndDevelopment": "130593000",
      "operatingExpenses": "402603000",
      "investmentIncomeNet": "None",
      "netInterestIncome": "None",
      "interestIncome": "8673000",
      "interestExpense": "6975000",
      "nonInterestIncome": "None",
      "otherNonOperatingIncome": "30576000",
      "depreciation": "None",
      "depreciationAndAmortization": "257825000",
      "incomeBeforeTax": "625735000",
      "incomeTaxExpense": "32329000",
      "interestAndDebtExpense": "None",
      "netIncomeFromContinuingOperations": "525991000",
      "comprehensiveIncomeNetOfTax": "None",
      "ebit": "740305000",
      "ebitda": "998130000",
      "netIncome": "593406000"
    },
    {
      "fiscalDateEnding": "2014-12-31",
      "reportedCurrency": "USD",
      "grossProfit": "824941000",
      "totalRevenue": "3391187000",
      "costOfRevenue": "2566246000",
      "costofGoodsAndServicesSold": "2566246000",
      "operatingIncome": "421999000",
      "sellingGeneralAndAdministrative": "253827000",
      "researchAndDevelopment": "143969000",
      "operatingExpenses": "402942000",
      "investmentIncomeNet": "None",
      "netInterestIncome": "None",
      "interestIncome": "None",
      "interestExpense": "1982000",
      "nonInterestIncome": "None",
      "otherNonOperatingIncome": "4861000",
      "depreciation": "None",
      "depreciationAndAmortization": "245798000",
      "incomeBeforeTax": "427152000",
      "incomeTaxExpense": "31188000",
      "interestAndDebtExpense": "None",
      "netIncomeFromContinuingOperations": "401867000",
      "comprehensiveIncomeNetOfTax": "None",
      "ebit": "434083000",
      "ebitda": "679881000",
      "netIncome": "395964000"
    },
    {
      "fiscalDateEnding": "2013-12-31",
      "reportedCurrency": "USD",
      "grossProfit": "864632000",
      "totalRevenue": "3309616000",
      "costOfRevenue": "2444984000",
      "costofGoodsAndServicesSold": "2444984000",
      "operatingIncome": "370407000",
      "sellingGeneralAndAdministrative": "270261000",
      "researchAndDevelopment": "134300000",
      "operatingExpenses": "494225000",
      "investmentIncomeNet": "None",
      "netInterestIncome": "None",
      "interestIncome": "None",
      "interestExpense": "1884000",
      "nonInterestIncome": "None",
      "otherNonOperatingIncome": "11572000",
      "depreciation": "None",
      "depreciationAndAmortization": "234370000",
      "incomeBeforeTax": "380816000",
      "incomeTaxExpense": "30098000",
      "interestAndDebtExpense": "None",
      "netIncomeFromContinuingOperations": "353038000",
      "comprehensiveIncomeNetOfTax": "None",
      "ebit": "382863000",
      "ebitda": "617233000",
      "netIncome": "350718000"
    },
    {
      "fiscalDateEnding": "2012-12-31",
      "reportedCurrency": "USD",
      "grossProfit": "852749000",
      "totalRevenue": "3368545000",
      "costOfRevenue": "2515796000",
      "costofGoodsAndServicesSold": "2515796000",
      "operatingIncome": "-37563000",
      "sellingGeneralAndAdministrative": "280928000",
      "researchAndDevelopment": "132460000",
      "operatingExpenses": "890312000",
      "investmentIncomeNet": "None",
      "netInterestIncome": "None",
      "interestIncome": "None",
      "interestExpense": "13888000",
      "nonInterestIncome": "None",
      "otherNonOperatingIncome": "11647000",
      "depreciation": "None",
      "depreciationAndAmortization": "262716000",
      "incomeBeforeTax": "-39804000",
      "incomeTaxExpense": "56534000",
      "interestAndDebtExpense": "None",
      "netIncomeFromContinuingOperations": "-96338000",
      "comprehensiveIncomeNetOfTax": "None",
      "ebit": "-25916000",
      "ebitda": "236800000",
      "netIncome": "-96338000"
    },
    {
      "fiscalDateEnding": "2011-12-31",
      "reportedCurrency": "USD",
      "grossProfit": "971751000",
      "totalRevenue": "2766207000",
      "costOfRevenue": "1794456000",
      "costofGoodsAndServicesSold": "1794456000",
      "operatingIncome": "-68664000",
      "sellingGeneralAndAdministrative": "446161000",
      "researchAndDevelopment": "140523000",
      "operatingExpenses": "1040415000",
      "investmentIncomeNet": "None",
      "netInterestIncome": "None",
      "interestIncome": "None",
      "interestExpense": "100000",
      "nonInterestIncome": "None",
      "otherNonOperatingIncome": "15051000",
      "depreciation": "None",
      "depreciationAndAmortization": "235231000",
      "incomeBeforeTax": "-53713000",
      "incomeTaxExpense": "-14220000",
      "interestAndDebtExpense": "None",
      "netIncomeFromContinuingOperations": "-39493000",
      "comprehensiveIncomeNetOfTax": "None",
      "ebit": "-53613000",
      "ebitda": "181618000",
      "netIncome": "-39493000"
    },
    {
      "fiscalDateEnding": "2010-12-31",
      "reportedCurrency": "USD",
      "grossProfit": "1184846000",
      "totalRevenue": "2563515000",
      "costOfRevenue": "1378669000",
      "costofGoodsAndServicesSold": "1378669000",
      "operatingIncome": "748903000",
      "sellingGeneralAndAdministrative": "341146000",
      "researchAndDevelopment": "94797000",
      "operatingExpenses": "435943000",
      "investmentIncomeNet": "None",
      "netInterestIncome": "None",
      "interestIncome": "None",
      "interestExpense": "6000",
      "nonInterestIncome": "None",
      "otherNonOperatingIncome": "13180000",
      "depreciation": "None",
      "depreciationAndAmortization": "156093000",
      "incomeBeforeTax": "762077000",
      "incomeTaxExpense": "97876000",
      "interestAndDebtExpense": "None",
      "netIncomeFromContinuingOperations": "664201000",
      "comprehensiveIncomeNetOfTax": "None",
      "ebit": "762083000",
      "ebitda": "918176000",
      "netIncome": "664201000"
    },
    {
      "fiscalDateEnding": "2009-12-31",
      "reportedCurrency": "USD",
      "grossProfit": "1044582000",
      "totalRevenue": "2066200000",
      "costOfRevenue": "1021618000",
      "costofGoodsAndServicesSold": "1021618000",
      "operatingIncome": "679615000",
      "sellingGeneralAndAdministrative": "272898000",
      "researchAndDevelopment": "78161000",
      "operatingExpenses": "364967000",
      "investmentIncomeNet": "None",
      "netInterestIncome": "None",
      "interestIncome": "None",
      "interestExpense": "5258000",
      "nonInterestIncome": "None",
      "otherNonOperatingIncome": "11957000",
      "depreciation": "None",
      "depreciationAndAmortization": "129628000",
      "incomeBeforeTax": "686314000",
      "incomeTaxExpense": "46176000",
      "interestAndDebtExpense": "None",
      "netIncomeFromContinuingOperations": "640138000",
      "comprehensiveIncomeNetOfTax": "None",
      "ebit": "691572000",
      "ebitda": "821200000",
      "netIncome": "640138000"
    },
    {
      "fiscalDateEnding": "2008-12-31",
      "reportedCurrency": "USD",
      "grossProfit": "678393000",
      "totalRevenue": "1246301000",
      "costOfRevenue": "567908000",
      "costofGoodsAndServicesSold": "567908000",
      "operatingIncome": "438339000",
      "sellingGeneralAndAdministrative": "174039000",
      "researchAndDevelopment": "33517000",
      "operatingExpenses": "240054000",
      "investmentIncomeNet": "None",
      "netInterestIncome": "None",
      "interestIncome": "None",
      "interestExpense": "509000",
      "nonInterestIncome": "None",
      "otherNonOperatingIncome": "None",
      "depreciation": "None",
      "depreciationAndAmortization": "59518000",
      "incomeBeforeTax": "463776000",
      "incomeTaxExpense": "115446000",
      "interestAndDebtExpense": "None",
      "netIncomeFromContinuingOperations": "None",
      "comprehensiveIncomeNetOfTax": "None",
      "ebit": "464285000",
      "ebitda": "523803000",
      "netIncome": "348330000"
    },
    {
      "fiscalDateEnding": "2007-12-31",
      "reportedCurrency": "USD",
      "grossProfit": "251403000",
      "totalRevenue": "503976000",
      "costOfRevenue": "252573000",
      "costofGoodsAndServicesSold": "252573000",
      "operatingIncome": "137181000",
      "sellingGeneralAndAdministrative": "82248000",
      "researchAndDevelopment": "15107000",
      "operatingExpenses": "114222000",
      "investmentIncomeNet": "None",
      "netInterestIncome": "None",
      "interestIncome": "None",
      "interestExpense": "0",
      "nonInterestIncome": "None",
      "otherNonOperatingIncome": "None",
      "depreciation": "None",
      "depreciationAndAmortization": "24481000",
      "incomeBeforeTax": "155962000",
      "incomeTaxExpense": "-2392000",
      "interestAndDebtExpense": "None",
      "netIncomeFromContinuingOperations": "None",
      "comprehensiveIncomeNetOfTax": "None",
      "ebit": "137181000",
      "ebitda": "161662000",
      "netIncome": "158354000"
    },
    {
      "fiscalDateEnding": "2006-12-31",
      "reportedCurrency": "USD",
      "grossProfit": "54244000",
      "totalRevenue": "134974000",
      "costOfRevenue": "80730000",
      "costofGoodsAndServicesSold": "80730000",
      "operatingIncome": "2810000",
      "sellingGeneralAndAdministrative": "51434000",
      "researchAndDevelopment": "6361000",
      "operatingExpenses": "51434000",
      "investmentIncomeNet": "None",
      "netInterestIncome": "None",
      "interestIncome": "None",
      "interestExpense": "0",
      "nonInterestIncome": "None",
      "otherNonOperatingIncome": "None",
      "depreciation": "None",
      "depreciationAndAmortization": "10210000",
      "incomeBeforeTax": "9180000",
      "incomeTaxExpense": "5206000",
      "interestAndDebtExpense": "None",
      "netIncomeFromContinuingOperations": "None",
      "comprehensiveIncomeNetOfTax": "None",
      "ebit": "2810000",
      "ebitda": "13020000",
      "netIncome": "3974000"
    },
    {
      "fiscalDateEnding": "2005-12-31",
      "reportedCurrency": "USD",
      "grossProfit": "16580000",
      "totalRevenue": "48063000",
      "costOfRevenue": "31483000",
      "costofGoodsAndServicesSold": "31483000",
      "operatingIncome": "-4790000",
      "sellingGeneralAndAdministrative": "21370000",
      "researchAndDevelopment": "2372000",
      "operatingExpenses": "21370000",
      "investmentIncomeNet": "None",
      "netInterestIncome": "None",
      "interestIncome": "None",
      "interestExpense": "0",
      "nonInterestIncome": "None",
      "otherNonOperatingIncome": "None",
      "depreciation": "None",
      "depreciationAndAmortization": "3376000",
      "incomeBeforeTax": "-6551000",
      "incomeTaxExpense": "-89000",
      "interestAndDebtExpense": "None",
      "netIncomeFromContinuingOperations": "None",
      "comprehensiveIncomeNetOfTax": "None",
      "ebit": "-4790000",
      "ebitda": "-1414000",
      "netIncome": "-6462000"
    }
  ],
  "quarterlyReports": [
    {
      "fiscalDateEnding": "2025-09-30",
      "reportedCurrency": "USD",
      "grossProfit": "610745000",
      "totalRevenue": "1594856000",
      "costOfRevenue": "984111000",
      "costofGoodsAndServicesSold": "984111000",
      "operatingIncome": "466095000",
      "sellingGeneralAndAdministrative": "47324000",
      "researchAndDevelopment": "60592000",
      "operatingExpenses": "144650000",
      "investmentIncomeNet": "None",
      "netInterestIncome": "9187000",
      "interestIncome": "23308000",
      "interestExpense": "14121000",
      "nonInterestIncome": "None",
      "otherNonOperatingIncome": "None",
      "depreciation": "None",
      "depreciationAndAmortization": "138062000",
      "incomeBeforeTax": "460345000",
      "incomeTaxExpense": "4402000",
      "interestAndDebtExpense": "None",
      "netIncomeFromContinuingOperations": "455943000",
      "comprehensiveIncomeNetOfTax": "None",
      "ebit": "474466000",
      "ebitda": "612528000",
      "netIncome": "455943000"
    },
    {
      "fiscalDateEnding": "2025-06-30",
      "reportedCurrency": "USD",
      "grossProfit": "499850000",
      "totalRevenue": "1097170000",
      "costOfRevenue": "597320000",
      "costofGoodsAndServicesSold": "597320000",
      "operatingIncome": "361607000",
      "sellingGeneralAndAdministrative": "52590000",
      "researchAndDevelopment": "54487000",
      "operatingExpenses": "138243000",
      "investmentIncomeNet": "None",
      "netInterestIncome": "2916000",
      "interestIncome": "12100000",
      "interestExpense": "9184000",
      "nonInterestIncome": "None",
      "otherNonOperatingIncome": "None",
      "depreciation": "None",
      "depreciationAndAmortization": "124647000",
      "incomeBeforeTax": "352167000",
      "incomeTaxExpense": "10299000",
      "interestAndDebtExpense": "None",
      "netIncomeFromContinuingOperations": "341868000",
      "comprehensiveIncomeNetOfTax": "None",
      "ebit": "361351000",
      "ebitda": "485998000",
      "netIncome": "341868000"
    },
    {
      "fiscalDateEnding": "2025-03-31",
      "reportedCurrency": "USD",
      "grossProfit": "344403000",
      "totalRevenue": "844568000",
      "costOfRevenue": "500165000",
      "costofGoodsAndServicesSold": "500165000",
      "operatingIncome": "221244000",
      "sellingGeneralAndAdministrative": "53164000",
      "researchAndDevelopment": "52389000",
      "operatingExpenses": "123159000",
      "investmentIncomeNet": "None",
      "netInterestIncome": "9340000",
      "interestIncome": "18865000",
      "interestExpense": "9525000",
      "nonInterestIncome": "None",
      "otherNonOperatingIncome": "None",
      "depreciation": "None",
      "depreciationAndAmortization": "125876000",
      "incomeBeforeTax": "217059000",
      "incomeTaxExpense": "7524000",
      "interestAndDebtExpense": "None",
      "netIncomeFromContinuingOperations": "209535000",
      "comprehensiveIncomeNetOfTax": "None",
      "ebit": "226584000",
      "ebitda": "352460000",
      "netIncome": "209535000"
    },
    {
      "fiscalDateEnding": "2024-12-31",
      "reportedCurrency": "USD",
      "grossProfit": "567661000",
      "totalRevenue": "1514031000",
      "costOfRevenue": "946370000",
      "costofGoodsAndServicesSold": "946370000",
      "operatingIncome": "456769000",
      "sellingGeneralAndAdministrative": "49582000",
      "researchAndDevelopment": "46499000",
      "operatingExpenses": "110892000",
      "investmentIncomeNet": "None",
      "netInterestIncome": "3779000",
      "interestIncome": "14666000",
      "interestExpense": "10887000",
      "nonInterestIncome": "None",
      "otherNonOperatingIncome": "None",
      "depreciation": "None",
      "depreciationAndAmortization": "124419000",
      "incomeBeforeTax": "446346000",
      "incomeTaxExpense": "53230000",
      "interestAndDebtExpense": "None",
      "netIncomeFromContinuingOperations": "393116000",
      "comprehensiveIncomeNetOfTax": "None",
      "ebit": "457233000",
      "ebitda": "581652000",
      "netIncome": "393116000"
    },
    {
      "fiscalDateEnding": "2024-09-30",
      "reportedCurrency": "USD",
      "grossProfit": "445311000",
      "totalRevenue": "887668000",
      "costOfRevenue": "442357000",
      "costofGoodsAndServicesSold": "442357000",
      "operatingIncome": "321999000",
      "sellingGeneralAndAdministrative": "46293000",
      "researchAndDevelopment": "50197000",
      "operatingExpenses": "123312000",
      "investmentIncomeNet": "None",
      "netInterestIncome": "13572000",
      "interestIncome": "22580000",
      "interestExpense": "9008000",
      "nonInterestIncome": "None",
      "otherNonOperatingIncome": "None",
      "depreciation": "None",
      "depreciationAndAmortization": "111158000",
      "incomeBeforeTax": "327342000",
      "incomeTaxExpense": "14386000",
      "interestAndDebtExpense": "None",
      "netIncomeFromContinuingOperations": "312956000",
      "comprehensiveIncomeNetOfTax": "None",
      "ebit": "336350000",
      "ebitda": "447508000",
      "netIncome": "312956000"
    },
    {
      "fiscalDateEnding": "2024-06-30",
      "reportedCurrency": "USD",
      "grossProfit": "498889000",
      "totalRevenue": "1010482000",
      "costOfRevenue": "511593000",
      "costofGoodsAndServicesSold": "511593000",
      "operatingIncome": "372511000",
      "sellingGeneralAndAdministrative": "46560000",
      "researchAndDevelopment": "51937000",
      "operatingExpenses": "126378000",
      "investmentIncomeNet": "None",
      "netInterestIncome": "14834000",
      "interestIncome": "24599000",
      "interestExpense": "9765000",
      "nonInterestIncome": "None",
      "otherNonOperatingIncome": "None",
      "depreciation": "None",
      "depreciationAndAmortization": "97337000",
      "incomeBeforeTax": "377131000",
      "incomeTaxExpense": "27775000",
      "interestAndDebtExpense": "None",
      "netIncomeFromContinuingOperations": "349356000",
      "comprehensiveIncomeNetOfTax": "None",
      "ebit": "386896000",
      "ebitda": "484233000",
      "netIncome": "349356000"
    },
    {
      "fiscalDateEnding": "2024-03-31",
      "reportedCurrency": "USD",
      "grossProfit": "346003000",
      "totalRevenue": "794108000",
      "costOfRevenue": "448105000",
      "costofGoodsAndServicesSold": "448105000",
      "operatingIncome": "243141000",
      "sellingGeneralAndAdministrative": "45827000",
      "researchAndDevelopment": "42742000",
      "operatingExpenses": "102862000",
      "investmentIncomeNet": "None",
      "netInterestIncome": "18035000",
      "interestIncome": "27245000",
      "interestExpense": "9210000",
      "nonInterestIncome": "None",
      "otherNonOperatingIncome": "None",
      "depreciation": "None",
      "depreciationAndAmortization": "90584000",
      "incomeBeforeTax": "255519000",
      "incomeTaxExpense": "18903000",
      "interestAndDebtExpense": "None",
      "netIncomeFromContinuingOperations": "236616000",
      "comprehensiveIncomeNetOfTax": "None",
      "ebit": "264729000",
      "ebitda": "355313000",
      "netIncome": "236616000"
    },
    {
      "fiscalDateEnding": "2023-12-31",
      "reportedCurrency": "USD",
      "grossProfit": "502033000",
      "totalRevenue": "1158553000",
      "costOfRevenue": "656520000",
      "costofGoodsAndServicesSold": "656520000",
      "operatingIncome": "397784000",
      "sellingGeneralAndAdministrative": "57094000",
      "researchAndDevelopment": "43862000",
      "operatingExpenses": "104249000",
      "investmentIncomeNet": "None",
      "netInterestIncome": "16497000",
      "interestIncome": "23565000",
      "interestExpense": "7068000",
      "nonInterestIncome": "None",
      "otherNonOperatingIncome": "None",
      "depreciation": "None",
      "depreciationAndAmortization": "89691000",
      "incomeBeforeTax": "376681000",
      "incomeTaxExpense": "27442000",
      "interestAndDebtExpense": "None",
      "netIncomeFromContinuingOperations": "349239000",
      "comprehensiveIncomeNetOfTax": "None",
      "ebit": "383749000",
      "ebitda": "473440000",
      "netIncome": "349239000"
    },
    {
      "fiscalDateEnding": "2023-09-30",
      "reportedCurrency": "USD",
      "grossProfit": "376175000",
      "totalRevenue": "801090000",
      "costOfRevenue": "424915000",
      "costofGoodsAndServicesSold": "424915000",
      "operatingIncome": "272965000",
      "sellingGeneralAndAdministrative": "50172000",
      "researchAndDevelopment": "41190000",
      "operatingExpenses": "103210000",
      "investmentIncomeNet": "None",
      "netInterestIncome": "19520000",
      "interestIncome": "23254000",
      "interestExpense": "3734000",
      "nonInterestIncome": "None",
      "otherNonOperatingIncome": "None",
      "depreciation": "None",
      "depreciationAndAmortization": "77743000",
      "incomeBeforeTax": "290465000",
      "incomeTaxExpense": "22067000",
      "interestAndDebtExpense": "None",
      "netIncomeFromContinuingOperations": "268398000",
      "comprehensiveIncomeNetOfTax": "None",
      "ebit": "294199000",
      "ebitda": "371942000",
      "netIncome": "268398000"
    },
    {
      "fiscalDateEnding": "2023-06-30",
      "reportedCurrency": "USD",
      "grossProfit": "310420000",
      "totalRevenue": "810673000",
      "costOfRevenue": "500253000",
      "costofGoodsAndServicesSold": "500253000",
      "operatingIncome": "168515000",
      "sellingGeneralAndAdministrative": "81918000",
      "researchAndDevelopment": "36745000",
      "operatingExpenses": "141905000",
      "investmentIncomeNet": "None",
      "netInterestIncome": "23611000",
      "interestIncome": "25026000",
      "interestExpense": "1415000",
      "nonInterestIncome": "None",
      "otherNonOperatingIncome": "21371000",
      "depreciation": "None",
      "depreciationAndAmortization": "71705000",
      "incomeBeforeTax": "188471000",
      "incomeTaxExpense": "17892000",
      "interestAndDebtExpense": "None",
      "netIncomeFromContinuingOperations": "170579000",
      "comprehensiveIncomeNetOfTax": "None",
      "ebit": "189886000",
      "ebitda": "261591000",
      "netIncome": "170579000"
    },
    {
      "fiscalDateEnding": "2023-03-31",
      "reportedCurrency": "USD",
      "grossProfit": "112051000",
      "totalRevenue": "548286000",
      "costOfRevenue": "436235000",
      "costofGoodsAndServicesSold": "436235000",
      "operatingIncome": "18002000",
      "sellingGeneralAndAdministrative": "44028000",
      "researchAndDevelopment": "30510000",
      "operatingExpenses": "94049000",
      "investmentIncomeNet": "None",
      "netInterestIncome": "25074000",
      "interestIncome": "25822000",
      "interestExpense": "748000",
      "nonInterestIncome": "None",
      "otherNonOperatingIncome": "18419000",
      "depreciation": "None",
      "depreciationAndAmortization": "68855000",
      "incomeBeforeTax": "35673000",
      "incomeTaxExpense": "-6888000",
      "interestAndDebtExpense": "None",
      "netIncomeFromContinuingOperations": "42561000",
      "comprehensiveIncomeNetOfTax": "None",
      "ebit": "36421000",
      "ebitda": "105276000",
      "netIncome": "42561000"
    },
    {
      "fiscalDateEnding": "2022-12-31",
      "reportedCurrency": "USD",
      "grossProfit": "60613000",
      "totalRevenue": "1002391000",
      "costOfRevenue": "941778000",
      "costofGoodsAndServicesSold": "941778000",
      "operatingIncome": "-45906000",
      "sellingGeneralAndAdministrative": "42734000",
      "researchAndDevelopment": "31284000",
      "operatingExpenses": "106519000",
      "investmentIncomeNet": "None",
      "netInterestIncome": "15197000",
      "interestIncome": "18330000",
      "interestExpense": "3133000",
      "nonInterestIncome": "None",
      "otherNonOperatingIncome": "None",
      "depreciation": "None",
      "depreciationAndAmortization": "70541000",
      "incomeBeforeTax": "-6572000",
      "incomeTaxExpense": "976000",
      "interestAndDebtExpense": "None",
      "netIncomeFromContinuingOperations": "-7548000",
      "comprehensiveIncomeNetOfTax": "None",
      "ebit": "-3439000",
      "ebitda": "67102000",
      "netIncome": "-7548000"
    },
    {
      "fiscalDateEnding": "2022-09-30",
      "reportedCurrency": "USD",
      "grossProfit": "20982000",
      "totalRevenue": "628933000",
      "costOfRevenue": "607951000",
      "costofGoodsAndServicesSold": "607951000",
      "operatingIncome": "-68353000",
      "sellingGeneralAndAdministrative": "46368000",
      "researchAndDevelopment": "29183000",
      "operatingExpenses": "89335000",
      "investmentIncomeNet": "None",
      "netInterestIncome": "6758000",
      "interestIncome": "9749000",
      "interestExpense": "2991000",
      "nonInterestIncome": "None",
      "otherNonOperatingIncome": "9664000",
      "depreciation": "None",
      "depreciationAndAmortization": "67423000",
      "incomeBeforeTax": "-61680000",
      "incomeTaxExpense": "-12512000",
      "interestAndDebtExpense": "None",
      "netIncomeFromContinuingOperations": "-49168000",
      "comprehensiveIncomeNetOfTax": "None",
      "ebit": "-58689000",
      "ebitda": "8734000",
      "netIncome": "-49168000"
    },
    {
      "fiscalDateEnding": "2022-06-30",
      "reportedCurrency": "USD",
      "grossProfit": "-23200000",
      "totalRevenue": "620955000",
      "costOfRevenue": "644155000",
      "costofGoodsAndServicesSold": "644155000",
      "operatingIncome": "144827000",
      "sellingGeneralAndAdministrative": "38894000",
      "researchAndDevelopment": "25229000",
      "operatingExpenses": "-168027000",
      "investmentIncomeNet": "None",
      "netInterestIncome": "-356000",
      "interestIncome": "2880000",
      "interestExpense": "3236000",
      "nonInterestIncome": "None",
      "otherNonOperatingIncome": "-1987000",
      "depreciation": "None",
      "depreciationAndAmortization": "66553000",
      "incomeBeforeTax": "139604000",
      "incomeTaxExpense": "83799000",
      "interestAndDebtExpense": "None",
      "netIncomeFromContinuingOperations": "55805000",
      "comprehensiveIncomeNetOfTax": "None",
      "ebit": "142840000",
      "ebitda": "209393000",
      "netIncome": "55805000"
    },
    {
      "fiscalDateEnding": "2022-03-31",
      "reportedCurrency": "USD",
      "grossProfit": "11463000",
      "totalRevenue": "367040000",
      "costOfRevenue": "355577000",
      "costofGoodsAndServicesSold": "355577000",
      "operatingIncome": "-57804000",
      "sellingGeneralAndAdministrative": "36728000",
      "researchAndDevelopment": "27108000",
      "operatingExpenses": "69267000",
      "investmentIncomeNet": "None",
      "netInterestIncome": "-540000",
      "interestIncome": "2325000",
      "interestExpense": "2865000",
      "nonInterestIncome": "None",
      "otherNonOperatingIncome": "-2085000",
      "depreciation": "None",
      "depreciationAndAmortization": "65207000",
      "incomeBeforeTax": "-62754000",
      "incomeTaxExpense": "-19499000",
      "interestAndDebtExpense": "None",
      "netIncomeFromContinuingOperations": "-43255000",
      "comprehensiveIncomeNetOfTax": "None",
      "ebit": "-59889000",
      "ebitda": "5318000",
      "netIncome": "-43255000"
    },
    {
      "fiscalDateEnding": "2021-12-31",
      "reportedCurrency": "USD",
      "grossProfit": "246489000",
      "totalRevenue": "907319000",
      "costOfRevenue": "660830000",
      "costofGoodsAndServicesSold": "660830000",
      "operatingIncome": "173159000",
      "sellingGeneralAndAdministrative": "38411000",
      "researchAndDevelopment": "29881000",
      "operatingExpenses": "73330000",
      "investmentIncomeNet": "None",
      "netInterestIncome": "-347000",
      "interestIncome": "2183000",
      "interestExpense": "2530000",
      "nonInterestIncome": "None",
      "otherNonOperatingIncome": "-3463000",
      "depreciation": "None",
      "depreciationAndAmortization": "65294000",
      "incomeBeforeTax": "167166000",
      "incomeTaxExpense": "35796000",
      "interestAndDebtExpense": "None",
      "netIncomeFromContinuingOperations": "131370000",
      "comprehensiveIncomeNetOfTax": "None",
      "ebit": "169696000",
      "ebitda": "234990000",
      "netIncome": "131370000"
    },
    {
      "fiscalDateEnding": "2021-09-30",
      "reportedCurrency": "USD",
      "grossProfit": "124580000",
      "totalRevenue": "583504000",
      "costOfRevenue": "458924000",
      "costofGoodsAndServicesSold": "458924000",
      "operatingIncome": "50867000",
      "sellingGeneralAndAdministrative": "43476000",
      "researchAndDevelopment": "25426000",
      "operatingExpenses": "73713000",
      "investmentIncomeNet": "None",
      "netInterestIncome": "-1206000",
      "interestIncome": "1752000",
      "interestExpense": "2958000",
      "nonInterestIncome": "None",
      "otherNonOperatingIncome": "-1869000",
      "depreciation": "None",
      "depreciationAndAmortization": "65693000",
      "incomeBeforeTax": "46040000",
      "incomeTaxExpense": "837000",
      "interestAndDebtExpense": "None",
      "netIncomeFromContinuingOperations": "45203000",
      "comprehensiveIncomeNetOfTax": "None",
      "ebit": "48998000",
      "ebitda": "114691000",
      "netIncome": "45203000"
    },
    {
      "fiscalDateEnding": "2021-06-30",
      "reportedCurrency": "USD",
      "grossProfit": "174118000",
      "totalRevenue": "629180000",
      "costOfRevenue": "455062000",
      "costofGoodsAndServicesSold": "455062000",
      "operatingIncome": "110377000",
      "sellingGeneralAndAdministrative": "36346000",
      "researchAndDevelopment": "23935000",
      "operatingExpenses": "63741000",
      "investmentIncomeNet": "None",
      "netInterestIncome": "-3335000",
      "interestIncome": "1288000",
      "interestExpense": "4623000",
      "nonInterestIncome": "None",
      "otherNonOperatingIncome": "-2959000",
      "depreciation": "None",
      "depreciationAndAmortization": "65708000",
      "incomeBeforeTax": "102795000",
      "incomeTaxExpense": "20346000",
      "interestAndDebtExpense": "None",
      "netIncomeFromContinuingOperations": "82449000",
      "comprehensiveIncomeNetOfTax": "None",
      "ebit": "107418000",
      "ebitda": "173126000",
      "netIncome": "82449000"
    },
    {
      "fiscalDateEnding": "2021-03-31",
      "reportedCurrency": "USD",
      "grossProfit": "184767000",
      "totalRevenue": "803374000",
      "costOfRevenue": "618607000",
      "costofGoodsAndServicesSold": "618607000",
      "operatingIncome": "252348000",
      "sellingGeneralAndAdministrative": "52087000",
      "researchAndDevelopment": "19873000",
      "operatingExpenses": "-67581000",
      "investmentIncomeNet": "None",
      "netInterestIncome": "-2040000",
      "interestIncome": "956000",
      "interestExpense": "2996000",
      "nonInterestIncome": "None",
      "otherNonOperatingIncome": "6809000",
      "depreciation": "None",
      "depreciationAndAmortization": "63205000",
      "incomeBeforeTax": "256161000",
      "incomeTaxExpense": "46490000",
      "interestAndDebtExpense": "None",
      "netIncomeFromContinuingOperations": "209671000",
      "comprehensiveIncomeNetOfTax": "None",
      "ebit": "259157000",
      "ebitda": "322362000",
      "netIncome": "209671000"
    },
    {
      "fiscalDateEnding": "2020-12-31",
      "reportedCurrency": "USD",
      "grossProfit": "159860000",
      "totalRevenue": "609232000",
      "costOfRevenue": "449372000",
      "costofGoodsAndServicesSold": "449372000",
      "operatingIncome": "57774000",
      "sellingGeneralAndAdministrative": "62700000",
      "researchAndDevelopment": "22670000",
      "operatingExpenses": "102086000",
      "investmentIncomeNet": "None",
      "netInterestIncome": "-1572000",
      "interestIncome": "1446000",
      "interestExpense": "3018000",
      "nonInterestIncome": "None",
      "otherNonOperatingIncome": "-5453000",
      "depreciation": "None",
      "depreciationAndAmortization": "59648000",
      "incomeBeforeTax": "49303000",
      "incomeTaxExpense": "-66400000",
      "interestAndDebtExpense": "None",
      "netIncomeFromContinuingOperations": "117982000",
      "comprehensiveIncomeNetOfTax": "None",
      "ebit": "54600000",
      "ebitda": "114248000",
      "netIncome": "115703000"
    },
    {
      "fiscalDateEnding": "2020-09-30",
      "reportedCurrency": "USD",
      "grossProfit": "293015000",
      "totalRevenue": "927565000",
      "costOfRevenue": "634550000",
      "costofGoodsAndServicesSold": "634550000",
      "operatingIncome": "207163000",
      "sellingGeneralAndAdministrative": "49861000",
      "researchAndDevelopment": "22972000",
      "operatingExpenses": "85852000",
      "investmentIncomeNet": "None",
      "netInterestIncome": "-8866000",
      "interestIncome": "2109000",
      "interestExpense": "10975000",
      "nonInterestIncome": "None",
      "otherNonOperatingIncome": "-3044000",
      "depreciation": "None",
      "depreciationAndAmortization": "59401000",
      "incomeBeforeTax": "193144000",
      "incomeTaxExpense": "38107000",
      "interestAndDebtExpense": "None",
      "netIncomeFromContinuingOperations": "155102000",
      "comprehensiveIncomeNetOfTax": "None",
      "ebit": "204184000",
      "ebitda": "263585000",
      "netIncome": "155037000"
    },
    {
      "fiscalDateEnding": "2020-06-30",
      "reportedCurrency": "USD",
      "grossProfit": "137460000",
      "totalRevenue": "642411000",
      "costOfRevenue": "504951000",
      "costofGoodsAndServicesSold": "504951000",
      "operatingIncome": "50896000",
      "sellingGeneralAndAdministrative": "51770000",
      "researchAndDevelopment": "22483000",
      "operatingExpenses": "86564000",
      "investmentIncomeNet": "None",
      "netInterestIncome": "420000",
      "interestIncome": "3674000",
      "interestExpense": "3254000",
      "nonInterestIncome": "None",
      "otherNonOperatingIncome": "-517000",
      "depreciation": "None",
      "depreciationAndAmortization": "57597000",
      "incomeBeforeTax": "47125000",
      "incomeTaxExpense": "10214000",
      "interestAndDebtExpense": "None",
      "netIncomeFromContinuingOperations": "36608000",
      "comprehensiveIncomeNetOfTax": "None",
      "ebit": "50076000",
      "ebitda": "107673000",
      "netIncome": "36911000"
    },
    {
      "fiscalDateEnding": "2020-03-31",
      "reportedCurrency": "USD",
      "grossProfit": "90338000",
      "totalRevenue": "532124000",
      "costOfRevenue": "441786000",
      "costofGoodsAndServicesSold": "441786000",
      "operatingIncome": "1656000",
      "sellingGeneralAndAdministrative": "58587000",
      "researchAndDevelopment": "25613000",
      "operatingExpenses": "88682000",
      "investmentIncomeNet": "None",
      "netInterestIncome": "2541000",
      "interestIncome": "9330000",
      "interestExpense": "6789000",
      "nonInterestIncome": "None",
      "otherNonOperatingIncome": "6622000",
      "depreciation": "None",
      "depreciationAndAmortization": "56279000",
      "incomeBeforeTax": "1489000",
      "incomeTaxExpense": "-89215000",
      "interestAndDebtExpense": "None",
      "netIncomeFromContinuingOperations": "90792000",
      "comprehensiveIncomeNetOfTax": "None",
      "ebit": "8366000",
      "ebitda": "64645000",
      "netIncome": "90704000"
    },
    {
      "fiscalDateEnding": "2019-12-31",
      "reportedCurrency": "USD",
      "grossProfit": "333555000",
      "totalRevenue": "1399377000",
      "costOfRevenue": "1065822000",
      "costofGoodsAndServicesSold": "1065822000",
      "operatingIncome": "-117866000",
      "sellingGeneralAndAdministrative": "55643000",
      "researchAndDevelopment": "25427000",
      "operatingExpenses": "451421000",
      "investmentIncomeNet": "None",
      "netInterestIncome": "6615000",
      "interestIncome": "9663000",
      "interestExpense": "3048000",
      "nonInterestIncome": "None",
      "otherNonOperatingIncome": "30641000",
      "depreciation": "None",
      "depreciationAndAmortization": "55505000",
      "incomeBeforeTax": "-90273000",
      "incomeTaxExpense": "-30865000",
      "interestAndDebtExpense": "None",
      "netIncomeFromContinuingOperations": "-59329000",
      "comprehensiveIncomeNetOfTax": "None",
      "ebit": "-87146000",
      "ebitda": "-31641000",
      "netIncome": "-59408000"
    },
    {
      "fiscalDateEnding": "2019-09-30",
      "reportedCurrency": "USD",
      "grossProfit": "138363000",
      "totalRevenue": "546806000",
      "costOfRevenue": "408443000",
      "costofGoodsAndServicesSold": "408443000",
      "operatingIncome": "41304000",
      "sellingGeneralAndAdministrative": "53542000",
      "researchAndDevelopment": "24912000",
      "operatingExpenses": "97059000",
      "investmentIncomeNet": "None",
      "netInterestIncome": "6478000",
      "interestIncome": "11454000",
      "interestExpense": "4976000",
      "nonInterestIncome": "None",
      "otherNonOperatingIncome": "9329000",
      "depreciation": "None",
      "depreciationAndAmortization": "51154000",
      "incomeBeforeTax": "45657000",
      "incomeTaxExpense": "15035000",
      "interestAndDebtExpense": "None",
      "netIncomeFromContinuingOperations": "30557000",
      "comprehensiveIncomeNetOfTax": "None",
      "ebit": "50568000",
      "ebitda": "101722000",
      "netIncome": "30622000"
    },
    {
      "fiscalDateEnding": "2019-06-30",
      "reportedCurrency": "USD",
      "grossProfit": "77182000",
      "totalRevenue": "584956000",
      "costOfRevenue": "507774000",
      "costofGoodsAndServicesSold": "507774000",
      "operatingIncome": "-8584000",
      "sellingGeneralAndAdministrative": "50934000",
      "researchAndDevelopment": "24395000",
      "operatingExpenses": "85766000",
      "investmentIncomeNet": "None",
      "netInterestIncome": "4589000",
      "interestIncome": "13510000",
      "interestExpense": "8921000",
      "nonInterestIncome": "None",
      "otherNonOperatingIncome": "10701000",
      "depreciation": "None",
      "depreciationAndAmortization": "49944000",
      "incomeBeforeTax": "-6804000",
      "incomeTaxExpense": "11744000",
      "interestAndDebtExpense": "None",
      "netIncomeFromContinuingOperations": "-18451000",
      "comprehensiveIncomeNetOfTax": "None",
      "ebit": "2214000",
      "ebitda": "52158000",
      "netIncome": "-18548000"
    },
    {
      "fiscalDateEnding": "2019-03-31",
      "reportedCurrency": "USD",
      "grossProfit": "112000",
      "totalRevenue": "531978000",
      "costOfRevenue": "531866000",
      "costofGoodsAndServicesSold": "531866000",
      "operatingIncome": "-76639000",
      "sellingGeneralAndAdministrative": "45352000",
      "researchAndDevelopment": "21877000",
      "operatingExpenses": "76751000",
      "investmentIncomeNet": "None",
      "netInterestIncome": "4138000",
      "interestIncome": "4310000",
      "interestExpense": "10121000",
      "nonInterestIncome": "None",
      "otherNonOperatingIncome": "17767000",
      "depreciation": "None",
      "depreciationAndAmortization": "48872000",
      "incomeBeforeTax": "-68993000",
      "incomeTaxExpense": "-1394000",
      "interestAndDebtExpense": "None",
      "netIncomeFromContinuingOperations": "-67426000",
      "comprehensiveIncomeNetOfTax": "None",
      "ebit": "-58699000",
      "ebitda": "-9827000",
      "netIncome": "-67599000"
    },
    {
      "fiscalDateEnding": "2018-12-31",
      "reportedCurrency": "USD",
      "grossProfit": "98310000",
      "totalRevenue": "691241000",
      "costOfRevenue": "592931000",
      "costofGoodsAndServicesSold": "592931000",
      "operatingIncome": "11008000",
      "sellingGeneralAndAdministrative": "51338000",
      "researchAndDevelopment": "21388000",
      "operatingExpenses": "87302000",
      "investmentIncomeNet": "None",
      "netInterestIncome": "None",
      "interestIncome": "None",
      "interestExpense": "11476000",
      "nonInterestIncome": "None",
      "otherNonOperatingIncome": "48168000",
      "depreciation": "None",
      "depreciationAndAmortization": "41544000",
      "incomeBeforeTax": "47700000",
      "incomeTaxExpense": "-4416000",
      "interestAndDebtExpense": "None",
      "netIncomeFromContinuingOperations": "52601000",
      "comprehensiveIncomeNetOfTax": "None",
      "ebit": "59661000",
      "ebitda": "101205000",
      "netIncome": "52116000"
    },
    {
      "fiscalDateEnding": "2018-09-30",
      "reportedCurrency": "USD",
      "grossProfit": "129127000",
      "totalRevenue": "676220000",
      "costOfRevenue": "547093000",
      "costofGoodsAndServicesSold": "547093000",
      "operatingIncome": "58475000",
      "sellingGeneralAndAdministrative": "33539000",
      "researchAndDevelopment": "22390000",
      "operatingExpenses": "70652000",
      "investmentIncomeNet": "None",
      "netInterestIncome": "None",
      "interestIncome": "None",
      "interestExpense": "3198000",
      "nonInterestIncome": "None",
      "otherNonOperatingIncome": "4869000",
      "depreciation": "None",
      "depreciationAndAmortization": "34428000",
      "incomeBeforeTax": "60146000",
      "incomeTaxExpense": "2396000",
      "interestAndDebtExpense": "None",
      "netIncomeFromContinuingOperations": "60983000",
      "comprehensiveIncomeNetOfTax": "None",
      "ebit": "66577000",
      "ebitda": "101005000",
      "netIncome": "57750000"
    },
    {
      "fiscalDateEnding": "2018-06-30",
      "reportedCurrency": "USD",
      "grossProfit": "-8058000",
      "totalRevenue": "309318000",
      "costOfRevenue": "317376000",
      "costofGoodsAndServicesSold": "317376000",
      "operatingIncome": "-103634000",
      "sellingGeneralAndAdministrative": "50854000",
      "researchAndDevelopment": "20370000",
      "operatingExpenses": "95576000",
      "investmentIncomeNet": "None",
      "netInterestIncome": "None",
      "interestIncome": "None",
      "interestExpense": "6065000",
      "nonInterestIncome": "None",
      "otherNonOperatingIncome": "55044000",
      "depreciation": "None",
      "depreciationAndAmortization": "30345000",
      "incomeBeforeTax": "-54655000",
      "incomeTaxExpense": "-6164000",
      "interestAndDebtExpense": "None",
      "netIncomeFromContinuingOperations": "-88576000",
      "comprehensiveIncomeNetOfTax": "None",
      "ebit": "-88675000",
      "ebitda": "-58330000",
      "netIncome": "-48491000"
    },
    {
      "fiscalDateEnding": "2018-03-31",
      "reportedCurrency": "USD",
      "grossProfit": "172798000",
      "totalRevenue": "567265000",
      "costOfRevenue": "394467000",
      "costofGoodsAndServicesSold": "394467000",
      "operatingIncome": "74264000",
      "sellingGeneralAndAdministrative": "41126000",
      "researchAndDevelopment": "20324000",
      "operatingExpenses": "98534000",
      "investmentIncomeNet": "None",
      "netInterestIncome": "None",
      "interestIncome": "None",
      "interestExpense": "5182000",
      "nonInterestIncome": "None",
      "otherNonOperatingIncome": "25494000",
      "depreciation": "None",
      "depreciationAndAmortization": "24419000",
      "incomeBeforeTax": "94576000",
      "incomeTaxExpense": "11625000",
      "interestAndDebtExpense": "None",
      "netIncomeFromContinuingOperations": "84698000",
      "comprehensiveIncomeNetOfTax": "None",
      "ebit": "101505000",
      "ebitda": "125924000",
      "netIncome": "82951000"
    },
    {
      "fiscalDateEnding": "2017-12-31",
      "reportedCurrency": "USD",
      "grossProfit": "62070000",
      "totalRevenue": "339181000",
      "costOfRevenue": "277111000",
      "costofGoodsAndServicesSold": "277111000",
      "operatingIncome": "-35071000",
      "sellingGeneralAndAdministrative": "54997000",
      "researchAndDevelopment": "23583000",
      "operatingExpenses": "97141000",
      "investmentIncomeNet": "None",
      "netInterestIncome": "None",
      "interestIncome": "None",
      "interestExpense": "6073000",
      "nonInterestIncome": "None",
      "otherNonOperatingIncome": "7455000",
      "depreciation": "None",
      "depreciationAndAmortization": "25761000",
      "incomeBeforeTax": "-33689000",
      "incomeTaxExpense": "398765000",
      "interestAndDebtExpense": "None",
      "netIncomeFromContinuingOperations": "-431258000",
      "comprehensiveIncomeNetOfTax": "None",
      "ebit": "-26420000",
      "ebitda": "-659000",
      "netIncome": "-432454000"
    },
    {
      "fiscalDateEnding": "2017-09-30",
      "reportedCurrency": "USD",
      "grossProfit": "291800000",
      "totalRevenue": "1087026000",
      "costOfRevenue": "795226000",
      "costofGoodsAndServicesSold": "795226000",
      "operatingIncome": "206989000",
      "sellingGeneralAndAdministrative": "50546000",
      "researchAndDevelopment": "20850000",
      "operatingExpenses": "84811000",
      "investmentIncomeNet": "None",
      "netInterestIncome": "None",
      "interestIncome": "None",
      "interestExpense": "4149000",
      "nonInterestIncome": "None",
      "otherNonOperatingIncome": "10487000",
      "depreciation": "None",
      "depreciationAndAmortization": "28612000",
      "incomeBeforeTax": "213327000",
      "incomeTaxExpense": "7580000",
      "interestAndDebtExpense": "None",
      "netIncomeFromContinuingOperations": "201702000",
      "comprehensiveIncomeNetOfTax": "None",
      "ebit": "213431000",
      "ebitda": "242043000",
      "netIncome": "205747000"
    },
    {
      "fiscalDateEnding": "2017-06-30",
      "reportedCurrency": "USD",
      "grossProfit": "110893000",
      "totalRevenue": "623326000",
      "costOfRevenue": "512433000",
      "costofGoodsAndServicesSold": "512433000",
      "operatingIncome": "13928000",
      "sellingGeneralAndAdministrative": "48957000",
      "researchAndDevelopment": "21341000",
      "operatingExpenses": "96965000",
      "investmentIncomeNet": "None",
      "netInterestIncome": "None",
      "interestIncome": "None",
      "interestExpense": "6374000",
      "nonInterestIncome": "None",
      "otherNonOperatingIncome": "4381000",
      "depreciation": "None",
      "depreciationAndAmortization": "27972000",
      "incomeBeforeTax": "11935000",
      "incomeTaxExpense": "-40028000",
      "interestAndDebtExpense": "None",
      "netIncomeFromContinuingOperations": "49994000",
      "comprehensiveIncomeNetOfTax": "None",
      "ebit": "16340000",
      "ebitda": "44312000",
      "netIncome": "51963000"
    },
    {
      "fiscalDateEnding": "2017-03-31",
      "reportedCurrency": "USD",
      "grossProfit": "84184000",
      "totalRevenue": "891791000",
      "costOfRevenue": "807607000",
      "costofGoodsAndServicesSold": "807607000",
      "operatingIncome": "-7995000",
      "sellingGeneralAndAdministrative": "48199000",
      "researchAndDevelopment": "22799000",
      "operatingExpenses": "92179000",
      "investmentIncomeNet": "None",
      "netInterestIncome": "None",
      "interestIncome": "None",
      "interestExpense": "9169000",
      "nonInterestIncome": "None",
      "otherNonOperatingIncome": "31972000",
      "depreciation": "None",
      "depreciationAndAmortization": "32968000",
      "incomeBeforeTax": "14808000",
      "incomeTaxExpense": "5679000",
      "interestAndDebtExpense": "None",
      "netIncomeFromContinuingOperations": "9681000",
      "comprehensiveIncomeNetOfTax": "None",
      "ebit": "24529000",
      "ebitda": "57497000",
      "netIncome": "9129000"
    },
    {
      "fiscalDateEnding": "2016-12-31",
      "reportedCurrency": "USD",
      "grossProfit": "63589000",
      "totalRevenue": "480434000",
      "costOfRevenue": "416845000",
      "costofGoodsAndServicesSold": "416845000",
      "operatingIncome": "-765412000",
      "sellingGeneralAndAdministrative": "70370000",
      "researchAndDevelopment": "29471000",
      "operatingExpenses": "829001000",
      "investmentIncomeNet": "None",
      "netInterestIncome": "None",
      "interestIncome": "None",
      "interestExpense": "3182000",
      "nonInterestIncome": "None",
      "otherNonOperatingIncome": "138441000",
      "depreciation": "None",
      "depreciationAndAmortization": "58719000",
      "incomeBeforeTax": "-630153000",
      "incomeTaxExpense": "65930000",
      "interestAndDebtExpense": "None",
      "netIncomeFromContinuingOperations": "-842381000",
      "comprehensiveIncomeNetOfTax": "None",
      "ebit": "-773269000",
      "ebitda": "-714550000",
      "netIncome": "-696083000"
    },
    {
      "fiscalDateEnding": "2016-09-30",
      "reportedCurrency": "USD",
      "grossProfit": "170908000",
      "totalRevenue": "681276000",
      "costOfRevenue": "510368000",
      "costofGoodsAndServicesSold": "510368000",
      "operatingIncome": "73324000",
      "sellingGeneralAndAdministrative": "60345000",
      "researchAndDevelopment": "32173000",
      "operatingExpenses": "97584000",
      "investmentIncomeNet": "None",
      "netInterestIncome": "None",
      "interestIncome": "None",
      "interestExpense": "5563000",
      "nonInterestIncome": "None",
      "otherNonOperatingIncome": "20491000",
      "depreciation": "None",
      "depreciationAndAmortization": "57142000",
      "incomeBeforeTax": "82252000",
      "incomeTaxExpense": "-68205000",
      "interestAndDebtExpense": "None",
      "netIncomeFromContinuingOperations": "143672000",
      "comprehensiveIncomeNetOfTax": "None",
      "ebit": "83341000",
      "ebitda": "140483000",
      "netIncome": "150457000"
    },
    {
      "fiscalDateEnding": "2016-06-30",
      "reportedCurrency": "USD",
      "grossProfit": "182051000",
      "totalRevenue": "1016424000",
      "costOfRevenue": "834373000",
      "costofGoodsAndServicesSold": "834373000",
      "operatingIncome": "-243000",
      "sellingGeneralAndAdministrative": "63776000",
      "researchAndDevelopment": "32931000",
      "operatingExpenses": "182294000",
      "investmentIncomeNet": "None",
      "netInterestIncome": "None",
      "interestIncome": "None",
      "interestExpense": "7151000",
      "nonInterestIncome": "None",
      "otherNonOperatingIncome": "20735000",
      "depreciation": "None",
      "depreciationAndAmortization": "56704000",
      "incomeBeforeTax": "-4127000",
      "incomeTaxExpense": "7288000",
      "interestAndDebtExpense": "None",
      "netIncomeFromContinuingOperations": "3232000",
      "comprehensiveIncomeNetOfTax": "None",
      "ebit": "10316000",
      "ebitda": "67020000",
      "netIncome": "-11415000"
    },
    {
      "fiscalDateEnding": "2016-03-31",
      "reportedCurrency": "USD",
      "grossProfit": "277611000",
      "totalRevenue": "876068000",
      "costOfRevenue": "598457000",
      "costofGoodsAndServicesSold": "598457000",
      "operatingIncome": "179921000",
      "sellingGeneralAndAdministrative": "67503000",
      "researchAndDevelopment": "30187000",
      "operatingExpenses": "97690000",
      "investmentIncomeNet": "None",
      "netInterestIncome": "None",
      "interestIncome": "None",
      "interestExpense": "4642000",
      "nonInterestIncome": "None",
      "otherNonOperatingIncome": "43716000",
      "depreciation": "None",
      "depreciationAndAmortization": "58375000",
      "incomeBeforeTax": "223667000",
      "incomeTaxExpense": "28031000",
      "interestAndDebtExpense": "None",
      "netIncomeFromContinuingOperations": "165568000",
      "comprehensiveIncomeNetOfTax": "None",
      "ebit": "218640000",
      "ebitda": "277015000",
      "netIncome": "195636000"
    },
    {
      "fiscalDateEnding": "2015-12-31",
      "reportedCurrency": "USD",
      "grossProfit": "231438000",
      "totalRevenue": "942324000",
      "costOfRevenue": "710886000",
      "costofGoodsAndServicesSold": "710886000",
      "operatingIncome": "131823000",
      "sellingGeneralAndAdministrative": "62887000",
      "researchAndDevelopment": "36728000",
      "operatingExpenses": "99615000",
      "investmentIncomeNet": "None",
      "netInterestIncome": "None",
      "interestIncome": "None",
      "interestExpense": "4180000",
      "nonInterestIncome": "None",
      "otherNonOperatingIncome": "21972000",
      "depreciation": "None",
      "depreciationAndAmortization": "63902000",
      "incomeBeforeTax": "148845000",
      "incomeTaxExpense": "-15290000",
      "interestAndDebtExpense": "None",
      "netIncomeFromContinuingOperations": "146115000",
      "comprehensiveIncomeNetOfTax": "None",
      "ebit": "134235000",
      "ebitda": "198137000",
      "netIncome": "164135000"
    },
    {
      "fiscalDateEnding": "2015-09-30",
      "reportedCurrency": "USD",
      "grossProfit": "484365000",
      "totalRevenue": "1271245000",
      "costOfRevenue": "786880000",
      "costofGoodsAndServicesSold": "786880000",
      "operatingIncome": "397821000",
      "sellingGeneralAndAdministrative": "53716000",
      "researchAndDevelopment": "29630000",
      "operatingExpenses": "86544000",
      "investmentIncomeNet": "None",
      "netInterestIncome": "None",
      "interestIncome": "None",
      "interestExpense": "1775000",
      "nonInterestIncome": "None",
      "otherNonOperatingIncome": "1726000",
      "depreciation": "None",
      "depreciationAndAmortization": "64766000",
      "incomeBeforeTax": "397772000",
      "incomeTaxExpense": "48454000",
      "interestAndDebtExpense": "None",
      "netIncomeFromContinuingOperations": "349433000",
      "comprehensiveIncomeNetOfTax": "None",
      "ebit": "399662000",
      "ebitda": "464428000",
      "netIncome": "349318000"
    },
    {
      "fiscalDateEnding": "2015-06-30",
      "reportedCurrency": "USD",
      "grossProfit": "164483000",
      "totalRevenue": "896217000",
      "costOfRevenue": "731734000",
      "costofGoodsAndServicesSold": "731734000",
      "operatingIncome": "57133000",
      "sellingGeneralAndAdministrative": "70901000",
      "researchAndDevelopment": "29479000",
      "operatingExpenses": "107350000",
      "investmentIncomeNet": "None",
      "netInterestIncome": "None",
      "interestIncome": "None",
      "interestExpense": "826000",
      "nonInterestIncome": "None",
      "otherNonOperatingIncome": "4843000",
      "depreciation": "None",
      "depreciationAndAmortization": "65897000",
      "incomeBeforeTax": "60545000",
      "incomeTaxExpense": "-33340000",
      "interestAndDebtExpense": "None",
      "netIncomeFromContinuingOperations": "92561000",
      "comprehensiveIncomeNetOfTax": "None",
      "ebit": "59442000",
      "ebitda": "125339000",
      "netIncome": "93885000"
    },
    {
      "fiscalDateEnding": "2015-03-31",
      "reportedCurrency": "USD",
      "grossProfit": "38981000",
      "totalRevenue": "469209000",
      "costOfRevenue": "430228000",
      "costofGoodsAndServicesSold": "430228000",
      "operatingIncome": "-70113000",
      "sellingGeneralAndAdministrative": "67688000",
      "researchAndDevelopment": "34756000",
      "operatingExpenses": "109094000",
      "investmentIncomeNet": "None",
      "netInterestIncome": "None",
      "interestIncome": "None",
      "interestExpense": "194000",
      "nonInterestIncome": "None",
      "otherNonOperatingIncome": "2035000",
      "depreciation": "None",
      "depreciationAndAmortization": "63260000",
      "incomeBeforeTax": "-66897000",
      "incomeTaxExpense": "-5980000",
      "interestAndDebtExpense": "None",
      "netIncomeFromContinuingOperations": "-62118000",
      "comprehensiveIncomeNetOfTax": "None",
      "ebit": "-66529000",
      "ebitda": "-3269000",
      "netIncome": "-60917000"
    },
    {
      "fiscalDateEnding": "2014-12-31",
      "reportedCurrency": "USD",
      "grossProfit": "308382000",
      "totalRevenue": "1007993000",
      "costOfRevenue": "699611000",
      "costofGoodsAndServicesSold": "699611000",
      "operatingIncome": "199221000",
      "sellingGeneralAndAdministrative": "70968000",
      "researchAndDevelopment": "34944000",
      "operatingExpenses": "109161000",
      "investmentIncomeNet": "None",
      "netInterestIncome": "None",
      "interestIncome": "None",
      "interestExpense": "553000",
      "nonInterestIncome": "None",
      "otherNonOperatingIncome": "3836000",
      "depreciation": "None",
      "depreciationAndAmortization": "62659000",
      "incomeBeforeTax": "202504000",
      "incomeTaxExpense": "10545000",
      "interestAndDebtExpense": "None",
      "netIncomeFromContinuingOperations": "196908000",
      "comprehensiveIncomeNetOfTax": "None",
      "ebit": "208006000",
      "ebitda": "270665000",
      "netIncome": "191959000"
    },
    {
      "fiscalDateEnding": "2014-09-30",
      "reportedCurrency": "USD",
      "grossProfit": "189402000",
      "totalRevenue": "890288000",
      "costOfRevenue": "700886000",
      "costofGoodsAndServicesSold": "700886000",
      "operatingIncome": "83875000",
      "sellingGeneralAndAdministrative": "66528000",
      "researchAndDevelopment": "37593000",
      "operatingExpenses": "105527000",
      "investmentIncomeNet": "None",
      "netInterestIncome": "None",
      "interestIncome": "None",
      "interestExpense": "89000",
      "nonInterestIncome": "None",
      "otherNonOperatingIncome": "-2355000",
      "depreciation": "None",
      "depreciationAndAmortization": "59827000",
      "incomeBeforeTax": "82885000",
      "incomeTaxExpense": "-6948000",
      "interestAndDebtExpense": "None",
      "netIncomeFromContinuingOperations": "88424000",
      "comprehensiveIncomeNetOfTax": "None",
      "ebit": "87319000",
      "ebitda": "147146000",
      "netIncome": "89833000"
    },
    {
      "fiscalDateEnding": "2014-06-30",
      "reportedCurrency": "USD",
      "grossProfit": "92725000",
      "totalRevenue": "544353000",
      "costOfRevenue": "451628000",
      "costofGoodsAndServicesSold": "451628000",
      "operatingIncome": "1908000",
      "sellingGeneralAndAdministrative": "57667000",
      "researchAndDevelopment": "32659000",
      "operatingExpenses": "90817000",
      "investmentIncomeNet": "None",
      "netInterestIncome": "None",
      "interestIncome": "None",
      "interestExpense": "930000",
      "nonInterestIncome": "None",
      "otherNonOperatingIncome": "1384000",
      "depreciation": "None",
      "depreciationAndAmortization": "62592000",
      "incomeBeforeTax": "2362000",
      "incomeTaxExpense": "-2166000",
      "interestAndDebtExpense": "None",
      "netIncomeFromContinuingOperations": "4528000",
      "comprehensiveIncomeNetOfTax": "None",
      "ebit": "5296000",
      "ebitda": "67888000",
      "netIncome": "4528000"
    },
    {
      "fiscalDateEnding": "2014-03-31",
      "reportedCurrency": "USD",
      "grossProfit": "236711000",
      "totalRevenue": "950158000",
      "costOfRevenue": "713447000",
      "costofGoodsAndServicesSold": "713447000",
      "operatingIncome": "139274000",
      "sellingGeneralAndAdministrative": "58664000",
      "researchAndDevelopment": "38773000",
      "operatingExpenses": "97437000",
      "investmentIncomeNet": "None",
      "netInterestIncome": "None",
      "interestIncome": "None",
      "interestExpense": "410000",
      "nonInterestIncome": "None",
      "otherNonOperatingIncome": "1996000",
      "depreciation": "None",
      "depreciationAndAmortization": "60720000",
      "incomeBeforeTax": "140860000",
      "incomeTaxExpense": "28853000",
      "interestAndDebtExpense": "None",
      "netIncomeFromContinuingOperations": "112007000",
      "comprehensiveIncomeNetOfTax": "None",
      "ebit": "141242000",
      "ebitda": "201962000",
      "netIncome": "112007000"
    },
    {
      "fiscalDateEnding": "2013-12-31",
      "reportedCurrency": "USD",
      "grossProfit": "189296000",
      "totalRevenue": "768437000",
      "costOfRevenue": "579141000",
      "costofGoodsAndServicesSold": "579141000",
      "operatingIncome": "60322000",
      "sellingGeneralAndAdministrative": "65661000",
      "researchAndDevelopment": "38421000",
      "operatingExpenses": "128974000",
      "investmentIncomeNet": "None",
      "netInterestIncome": "None",
      "interestIncome": "None",
      "interestExpense": "16000",
      "nonInterestIncome": "None",
      "otherNonOperatingIncome": "1940000",
      "depreciation": "None",
      "depreciationAndAmortization": "61386000",
      "incomeBeforeTax": "62278000",
      "incomeTaxExpense": "-2982000",
      "interestAndDebtExpense": "None",
      "netIncomeFromContinuingOperations": "65260000",
      "comprehensiveIncomeNetOfTax": "None",
      "ebit": "62262000",
      "ebitda": "123648000",
      "netIncome": "65260000"
    },
    {
      "fiscalDateEnding": "2013-09-30",
      "reportedCurrency": "USD",
      "grossProfit": "364034000",
      "totalRevenue": "1265587000",
      "costOfRevenue": "901553000",
      "costofGoodsAndServicesSold": "901553000",
      "operatingIncome": "207904000",
      "sellingGeneralAndAdministrative": "63870000",
      "researchAndDevelopment": "34984000",
      "operatingExpenses": "156130000",
      "investmentIncomeNet": "None",
      "netInterestIncome": "None",
      "interestIncome": "None",
      "interestExpense": "275000",
      "nonInterestIncome": "None",
      "otherNonOperatingIncome": "1059000",
      "depreciation": "None",
      "depreciationAndAmortization": "59924000",
      "incomeBeforeTax": "208688000",
      "incomeTaxExpense": "13650000",
      "interestAndDebtExpense": "None",
      "netIncomeFromContinuingOperations": "195038000",
      "comprehensiveIncomeNetOfTax": "None",
      "ebit": "208963000",
      "ebitda": "268887000",
      "netIncome": "195038000"
    },
    {
      "fiscalDateEnding": "2013-06-30",
      "reportedCurrency": "USD",
      "grossProfit": "140098000",
      "totalRevenue": "519760000",
      "costOfRevenue": "379662000",
      "costofGoodsAndServicesSold": "379662000",
      "operatingIncome": "39096000",
      "sellingGeneralAndAdministrative": "66265000",
      "researchAndDevelopment": "30964000",
      "operatingExpenses": "101002000",
      "investmentIncomeNet": "None",
      "netInterestIncome": "None",
      "interestIncome": "None",
      "interestExpense": "875000",
      "nonInterestIncome": "None",
      "otherNonOperatingIncome": "2841000",
      "depreciation": "None",
      "depreciationAndAmortization": "56445000",
      "incomeBeforeTax": "41062000",
      "incomeTaxExpense": "7464000",
      "interestAndDebtExpense": "None",
      "netIncomeFromContinuingOperations": "33598000",
      "comprehensiveIncomeNetOfTax": "None",
      "ebit": "41937000",
      "ebitda": "98382000",
      "netIncome": "33598000"
    },
    {
      "fiscalDateEnding": "2013-03-31",
      "reportedCurrency": "USD",
      "grossProfit": "169326000",
      "totalRevenue": "755205000",
      "costOfRevenue": "585879000",
      "costofGoodsAndServicesSold": "585879000",
      "operatingIncome": "61207000",
      "sellingGeneralAndAdministrative": "74465000",
      "researchAndDevelopment": "29931000",
      "operatingExpenses": "108119000",
      "investmentIncomeNet": "None",
      "netInterestIncome": "None",
      "interestIncome": "None",
      "interestExpense": "750000",
      "nonInterestIncome": "None",
      "otherNonOperatingIncome": "5732000",
      "depreciation": "None",
      "depreciationAndAmortization": "56615000",
      "incomeBeforeTax": "66189000",
      "incomeTaxExpense": "7047000",
      "interestAndDebtExpense": "None",
      "netIncomeFromContinuingOperations": "59142000",
      "comprehensiveIncomeNetOfTax": "None",
      "ebit": "66939000",
      "ebitda": "123554000",
      "netIncome": "59142000"
    },
    {
      "fiscalDateEnding": "2012-12-31",
      "reportedCurrency": "USD",
      "grossProfit": "293547000",
      "totalRevenue": "1075011000",
      "costOfRevenue": "781464000",
      "costofGoodsAndServicesSold": "781464000",
      "operatingIncome": "172015000",
      "sellingGeneralAndAdministrative": "57231000",
      "researchAndDevelopment": "31639000",
      "operatingExpenses": "121532000",
      "investmentIncomeNet": "None",
      "netInterestIncome": "None",
      "interestIncome": "None",
      "interestExpense": "2694000",
      "nonInterestIncome": "None",
      "otherNonOperatingIncome": "1253000",
      "depreciation": "None",
      "depreciationAndAmortization": "60585000",
      "incomeBeforeTax": "170574000",
      "incomeTaxExpense": "16396000",
      "interestAndDebtExpense": "None",
      "netIncomeFromContinuingOperations": "154178000",
      "comprehensiveIncomeNetOfTax": "None",
      "ebit": "173268000",
      "ebitda": "233853000",
      "netIncome": "154178000"
    },
    {
      "fiscalDateEnding": "2012-09-30",
      "reportedCurrency": "USD",
      "grossProfit": "238716000",
      "totalRevenue": "839147000",
      "costOfRevenue": "600431000",
      "costofGoodsAndServicesSold": "600431000",
      "operatingIncome": "107045000",
      "sellingGeneralAndAdministrative": "75102000",
      "researchAndDevelopment": "32372000",
      "operatingExpenses": "131671000",
      "investmentIncomeNet": "None",
      "netInterestIncome": "None",
      "interestIncome": "None",
      "interestExpense": "2902000",
      "nonInterestIncome": "None",
      "otherNonOperatingIncome": "6618000",
      "depreciation": "None",
      "depreciationAndAmortization": "63902000",
      "incomeBeforeTax": "110761000",
      "incomeTaxExpense": "22844000",
      "interestAndDebtExpense": "None",
      "netIncomeFromContinuingOperations": "87917000",
      "comprehensiveIncomeNetOfTax": "None",
      "ebit": "113663000",
      "ebitda": "177565000",
      "netIncome": "87917000"
    },
    {
      "fiscalDateEnding": "2012-06-30",
      "reportedCurrency": "USD",
      "grossProfit": "243741000",
      "totalRevenue": "957332000",
      "costOfRevenue": "713591000",
      "costofGoodsAndServicesSold": "713591000",
      "operatingIncome": "139659000",
      "sellingGeneralAndAdministrative": "52717000",
      "researchAndDevelopment": "32365000",
      "operatingExpenses": "104082000",
      "investmentIncomeNet": "None",
      "netInterestIncome": "None",
      "interestIncome": "None",
      "interestExpense": "7372000",
      "nonInterestIncome": "None",
      "otherNonOperatingIncome": "3060000",
      "depreciation": "None",
      "depreciationAndAmortization": "65065000",
      "incomeBeforeTax": "135347000",
      "incomeTaxExpense": "24364000",
      "interestAndDebtExpense": "None",
      "netIncomeFromContinuingOperations": "110983000",
      "comprehensiveIncomeNetOfTax": "None",
      "ebit": "142719000",
      "ebitda": "207784000",
      "netIncome": "110983000"
    },
    {
      "fiscalDateEnding": "2012-03-31",
      "reportedCurrency": "USD",
      "grossProfit": "76745000",
      "totalRevenue": "497055000",
      "costOfRevenue": "420310000",
      "costofGoodsAndServicesSold": "420310000",
      "operatingIncome": "-456282000",
      "sellingGeneralAndAdministrative": "95878000",
      "researchAndDevelopment": "36084000",
      "operatingExpenses": "533027000",
      "investmentIncomeNet": "None",
      "netInterestIncome": "None",
      "interestIncome": "None",
      "interestExpense": "920000",
      "nonInterestIncome": "None",
      "otherNonOperatingIncome": "716000",
      "depreciation": "None",
      "depreciationAndAmortization": "73164000",
      "incomeBeforeTax": "-456486000",
      "incomeTaxExpense": "-7070000",
      "interestAndDebtExpense": "None",
      "netIncomeFromContinuingOperations": "-449416000",
      "comprehensiveIncomeNetOfTax": "None",
      "ebit": "-455566000",
      "ebitda": "-382402000",
      "netIncome": "-449416000"
    },
    {
      "fiscalDateEnding": "2011-12-31",
      "reportedCurrency": "USD",
      "grossProfit": "138124000",
      "totalRevenue": "660352000",
      "costOfRevenue": "522228000",
      "costofGoodsAndServicesSold": "522228000",
      "operatingIncome": "-485320000",
      "sellingGeneralAndAdministrative": "131807000",
      "researchAndDevelopment": "37906000",
      "operatingExpenses": "623444000",
      "investmentIncomeNet": "None",
      "netInterestIncome": "None",
      "interestIncome": "None",
      "interestExpense": "100000",
      "nonInterestIncome": "None",
      "otherNonOperatingIncome": "3978000",
      "depreciation": "None",
      "depreciationAndAmortization": "68704000",
      "incomeBeforeTax": "-481442000",
      "incomeTaxExpense": "-68329000",
      "interestAndDebtExpense": "None",
      "netIncomeFromContinuingOperations": "-413113000",
      "comprehensiveIncomeNetOfTax": "None",
      "ebit": "-481342000",
      "ebitda": "-412638000",
      "netIncome": "-413113000"
    },
    {
      "fiscalDateEnding": "2011-09-30",
      "reportedCurrency": "USD",
      "grossProfit": "379164000",
      "totalRevenue": "1005788000",
      "costOfRevenue": "626624000",
      "costofGoodsAndServicesSold": "626624000",
      "operatingIncome": "222743000",
      "sellingGeneralAndAdministrative": "118257000",
      "researchAndDevelopment": "38164000",
      "operatingExpenses": "156421000",
      "investmentIncomeNet": "None",
      "netInterestIncome": "None",
      "interestIncome": "None",
      "interestExpense": "4847000",
      "nonInterestIncome": "None",
      "otherNonOperatingIncome": "22000",
      "depreciation": "None",
      "depreciationAndAmortization": "62240000",
      "incomeBeforeTax": "222765000",
      "incomeTaxExpense": "26251000",
      "interestAndDebtExpense": "None",
      "netIncomeFromContinuingOperations": "196514000",
      "comprehensiveIncomeNetOfTax": "None",
      "ebit": "222765000",
      "ebitda": "285005000",
      "netIncome": "196514000"
    },
    {
      "fiscalDateEnding": "2011-06-30",
      "reportedCurrency": "USD",
      "grossProfit": "194798000",
      "totalRevenue": "532774000",
      "costOfRevenue": "337976000",
      "costofGoodsAndServicesSold": "337976000",
      "operatingIncome": "64530000",
      "sellingGeneralAndAdministrative": "97166000",
      "researchAndDevelopment": "33102000",
      "operatingExpenses": "130268000",
      "investmentIncomeNet": "None",
      "netInterestIncome": "None",
      "interestIncome": "None",
      "interestExpense": "1954000",
      "nonInterestIncome": "None",
      "otherNonOperatingIncome": "7427000",
      "depreciation": "None",
      "depreciationAndAmortization": "56018000",
      "incomeBeforeTax": "71957000",
      "incomeTaxExpense": "10819000",
      "interestAndDebtExpense": "None",
      "netIncomeFromContinuingOperations": "61138000",
      "comprehensiveIncomeNetOfTax": "None",
      "ebit": "71957000",
      "ebitda": "127975000",
      "netIncome": "61138000"
    },
    {
      "fiscalDateEnding": "2011-03-31",
      "reportedCurrency": "USD",
      "grossProfit": "259665000",
      "totalRevenue": "567293000",
      "costOfRevenue": "307628000",
      "costofGoodsAndServicesSold": "307628000",
      "operatingIncome": "129383000",
      "sellingGeneralAndAdministrative": "98931000",
      "researchAndDevelopment": "31351000",
      "operatingExpenses": "130282000",
      "investmentIncomeNet": "None",
      "netInterestIncome": "None",
      "interestIncome": "None",
      "interestExpense": "1837000",
      "nonInterestIncome": "None",
      "otherNonOperatingIncome": "3624000",
      "depreciation": "None",
      "depreciationAndAmortization": "48269000",
      "incomeBeforeTax": "133007000",
      "incomeTaxExpense": "17039000",
      "interestAndDebtExpense": "None",
      "netIncomeFromContinuingOperations": "115968000",
      "comprehensiveIncomeNetOfTax": "None",
      "ebit": "133007000",
      "ebitda": "181276000",
      "netIncome": "115968000"
    },
    {
      "fiscalDateEnding": "2010-12-31",
      "reportedCurrency": "USD",
      "grossProfit": "296724000",
      "totalRevenue": "609801000",
      "costOfRevenue": "313077000",
      "costofGoodsAndServicesSold": "313077000",
      "operatingIncome": "165651000",
      "sellingGeneralAndAdministrative": "103472000",
      "researchAndDevelopment": "27601000",
      "operatingExpenses": "131073000",
      "investmentIncomeNet": "None",
      "netInterestIncome": "None",
      "interestIncome": "None",
      "interestExpense": "12000",
      "nonInterestIncome": "None",
      "otherNonOperatingIncome": "7714000",
      "depreciation": "None",
      "depreciationAndAmortization": "43170000",
      "incomeBeforeTax": "173365000",
      "incomeTaxExpense": "17421000",
      "interestAndDebtExpense": "None",
      "netIncomeFromContinuingOperations": "155944000",
      "comprehensiveIncomeNetOfTax": "None",
      "ebit": "173365000",
      "ebitda": "216535000",
      "netIncome": "155944000"
    },
    {
      "fiscalDateEnding": "2010-09-30",
      "reportedCurrency": "USD",
      "grossProfit": "321892000",
      "totalRevenue": "797899000",
      "costOfRevenue": "476007000",
      "costofGoodsAndServicesSold": "476007000",
      "operatingIncome": "211638000",
      "sellingGeneralAndAdministrative": "84961000",
      "researchAndDevelopment": "21472000",
      "operatingExpenses": "110254000",
      "investmentIncomeNet": "None",
      "netInterestIncome": "None",
      "interestIncome": "None",
      "interestExpense": "2384000",
      "nonInterestIncome": "None",
      "otherNonOperatingIncome": "1277000",
      "depreciation": "None",
      "depreciationAndAmortization": "35176000",
      "incomeBeforeTax": "212915000",
      "incomeTaxExpense": "36046000",
      "interestAndDebtExpense": "None",
      "netIncomeFromContinuingOperations": "176869000",
      "comprehensiveIncomeNetOfTax": "None",
      "ebit": "212915000",
      "ebitda": "248091000",
      "netIncome": "176869000"
    },
    {
      "fiscalDateEnding": "2010-06-30",
      "reportedCurrency": "USD",
      "grossProfit": "284194000",
      "totalRevenue": "587854000",
      "costOfRevenue": "303660000",
      "costofGoodsAndServicesSold": "303660000",
      "operatingIncome": "180473000",
      "sellingGeneralAndAdministrative": "145461000",
      "researchAndDevelopment": "22836000",
      "operatingExpenses": "103721000",
      "investmentIncomeNet": "None",
      "netInterestIncome": "None",
      "interestIncome": "None",
      "interestExpense": "6000",
      "nonInterestIncome": "None",
      "otherNonOperatingIncome": "-29000",
      "depreciation": "None",
      "depreciationAndAmortization": "38658000",
      "incomeBeforeTax": "180438000",
      "incomeTaxExpense": "21395000",
      "interestAndDebtExpense": "None",
      "netIncomeFromContinuingOperations": "159043000",
      "comprehensiveIncomeNetOfTax": "None",
      "ebit": "180444000",
      "ebitda": "219102000",
      "netIncome": "159043000"
    },
    {
      "fiscalDateEnding": "2010-03-31",
      "reportedCurrency": "USD",
      "grossProfit": "282036000",
      "totalRevenue": "567961000",
      "costOfRevenue": "285925000",
      "costofGoodsAndServicesSold": "285925000",
      "operatingIncome": "191141000",
      "sellingGeneralAndAdministrative": "66864000",
      "researchAndDevelopment": "22888000",
      "operatingExpenses": "90895000",
      "investmentIncomeNet": "None",
      "netInterestIncome": "None",
      "interestIncome": "None",
      "interestExpense": "2275000",
      "nonInterestIncome": "None",
      "otherNonOperatingIncome": "4218000",
      "depreciation": "None",
      "depreciationAndAmortization": "39089000",
      "incomeBeforeTax": "195359000",
      "incomeTaxExpense": "23014000",
      "interestAndDebtExpense": "None",
      "netIncomeFromContinuingOperations": "172345000",
      "comprehensiveIncomeNetOfTax": "None",
      "ebit": "195359000",
      "ebitda": "234448000",
      "netIncome": "172345000"
    },
    {
      "fiscalDateEnding": "2009-12-31",
      "reportedCurrency": "USD",
      "grossProfit": "266209000",
      "totalRevenue": "641265000",
      "costOfRevenue": "375056000",
      "costofGoodsAndServicesSold": "375056000",
      "operatingIncome": "144727000",
      "sellingGeneralAndAdministrative": "96667000",
      "researchAndDevelopment": "23716000",
      "operatingExpenses": "121482000",
      "investmentIncomeNet": "None",
      "netInterestIncome": "None",
      "interestIncome": "None",
      "interestExpense": "407000",
      "nonInterestIncome": "None",
      "otherNonOperatingIncome": "None",
      "depreciation": "None",
      "depreciationAndAmortization": "38908000",
      "incomeBeforeTax": "150317000",
      "incomeTaxExpense": "8697000",
      "interestAndDebtExpense": "None",
      "netIncomeFromContinuingOperations": "0",
      "comprehensiveIncomeNetOfTax": "None",
      "ebit": "150724000",
      "ebitda": "189632000",
      "netIncome": "141620000"
    },
    {
      "fiscalDateEnding": "2009-09-30",
      "reportedCurrency": "USD",
      "grossProfit": "244993000",
      "totalRevenue": "480851000",
      "costOfRevenue": "235858000",
      "costofGoodsAndServicesSold": "235858000",
      "operatingIncome": "162791000",
      "sellingGeneralAndAdministrative": "53990000",
      "researchAndDevelopment": "24136000",
      "operatingExpenses": "82202000",
      "investmentIncomeNet": "None",
      "netInterestIncome": "None",
      "interestIncome": "None",
      "interestExpense": "89000",
      "nonInterestIncome": "None",
      "otherNonOperatingIncome": "2265000",
      "depreciation": "None",
      "depreciationAndAmortization": "34607000",
      "incomeBeforeTax": "164967000",
      "incomeTaxExpense": "11623000",
      "interestAndDebtExpense": "None",
      "netIncomeFromContinuingOperations": "153344000",
      "comprehensiveIncomeNetOfTax": "None",
      "ebit": "165056000",
      "ebitda": "199663000",
      "netIncome": "153344000"
    },
    {
      "fiscalDateEnding": "2009-06-30",
      "reportedCurrency": "USD",
      "grossProfit": "298096000",
      "totalRevenue": "525876000",
      "costOfRevenue": "227780000",
      "costofGoodsAndServicesSold": "227780000",
      "operatingIncome": "204041000",
      "sellingGeneralAndAdministrative": "72926000",
      "researchAndDevelopment": "18605000",
      "operatingExpenses": "94055000",
      "investmentIncomeNet": "None",
      "netInterestIncome": "None",
      "interestIncome": "None",
      "interestExpense": "3827000",
      "nonInterestIncome": "None",
      "otherNonOperatingIncome": "1084000",
      "depreciation": "None",
      "depreciationAndAmortization": "30028000",
      "incomeBeforeTax": "201298000",
      "incomeTaxExpense": "20719000",
      "interestAndDebtExpense": "None",
      "netIncomeFromContinuingOperations": "180579000",
      "comprehensiveIncomeNetOfTax": "None",
      "ebit": "205125000",
      "ebitda": "235153000",
      "netIncome": "180579000"
    },
    {
      "fiscalDateEnding": "2009-03-31",
      "reportedCurrency": "USD",
      "grossProfit": "235284000",
      "totalRevenue": "418208000",
      "costOfRevenue": "182924000",
      "costofGoodsAndServicesSold": "182924000",
      "operatingIncome": "168056000",
      "sellingGeneralAndAdministrative": "49315000",
      "researchAndDevelopment": "11704000",
      "operatingExpenses": "67228000",
      "investmentIncomeNet": "None",
      "netInterestIncome": "None",
      "interestIncome": "None",
      "interestExpense": "935000",
      "nonInterestIncome": "None",
      "otherNonOperatingIncome": "None",
      "depreciation": "None",
      "depreciationAndAmortization": "26085000",
      "incomeBeforeTax": "169732000",
      "incomeTaxExpense": "5137000",
      "interestAndDebtExpense": "None",
      "netIncomeFromContinuingOperations": "None",
      "comprehensiveIncomeNetOfTax": "None",
      "ebit": "170667000",
      "ebitda": "196752000",
      "netIncome": "164595000"
    },
    {
      "fiscalDateEnding": "2008-12-31",
      "reportedCurrency": "USD",
      "grossProfit": "233926000",
      "totalRevenue": "433651000",
      "costOfRevenue": "199725000",
      "costofGoodsAndServicesSold": "199725000",
      "operatingIncome": "161328000",
      "sellingGeneralAndAdministrative": "52747000",
      "researchAndDevelopment": "11080000",
      "operatingExpenses": "72598000",
      "investmentIncomeNet": "None",
      "netInterestIncome": "None",
      "interestIncome": "None",
      "interestExpense": "509000",
      "nonInterestIncome": "None",
      "otherNonOperatingIncome": "None",
      "depreciation": "None",
      "depreciationAndAmortization": "22186000",
      "incomeBeforeTax": "171612000",
      "incomeTaxExpense": "38841000",
      "interestAndDebtExpense": "None",
      "netIncomeFromContinuingOperations": "0",
      "comprehensiveIncomeNetOfTax": "None",
      "ebit": "161328000",
      "ebitda": "183514000",
      "netIncome": "132771000"
    },
    {
      "fiscalDateEnding": "2008-09-30",
      "reportedCurrency": "USD",
      "grossProfit": "195443000",
      "totalRevenue": "348694000",
      "costOfRevenue": "153251000",
      "costofGoodsAndServicesSold": "153251000",
      "operatingIncome": "130152000",
      "sellingGeneralAndAdministrative": "48995000",
      "researchAndDevelopment": "9952000",
      "operatingExpenses": "65291000",
      "investmentIncomeNet": "None",
      "netInterestIncome": "None",
      "interestIncome": "None",
      "interestExpense": "127000",
      "nonInterestIncome": "None",
      "otherNonOperatingIncome": "None",
      "depreciation": "None",
      "depreciationAndAmortization": "16798000",
      "incomeBeforeTax": "133099000",
      "incomeTaxExpense": "33830000",
      "interestAndDebtExpense": "None",
      "netIncomeFromContinuingOperations": "0",
      "comprehensiveIncomeNetOfTax": "None",
      "ebit": "133226000",
      "ebitda": "150024000",
      "netIncome": "99269000"
    },
    {
      "fiscalDateEnding": "2008-06-30",
      "reportedCurrency": "USD",
      "grossProfit": "144700000",
      "totalRevenue": "267041000",
      "costOfRevenue": "122341000",
      "costofGoodsAndServicesSold": "122341000",
      "operatingIncome": "88727000",
      "sellingGeneralAndAdministrative": "43626000",
      "researchAndDevelopment": "7725000",
      "operatingExpenses": "55973000",
      "investmentIncomeNet": "None",
      "netInterestIncome": "None",
      "interestIncome": "None",
      "interestExpense": "1303000",
      "nonInterestIncome": "None",
      "otherNonOperatingIncome": "None",
      "depreciation": "None",
      "depreciationAndAmortization": "12805000",
      "incomeBeforeTax": "93856000",
      "incomeTaxExpense": "24185000",
      "interestAndDebtExpense": "None",
      "netIncomeFromContinuingOperations": "0",
      "comprehensiveIncomeNetOfTax": "None",
      "ebit": "93856000",
      "ebitda": "106661000",
      "netIncome": "69671000"
    },
    {
      "fiscalDateEnding": "2008-03-31",
      "reportedCurrency": "USD",
      "grossProfit": "104324000",
      "totalRevenue": "196915000",
      "costOfRevenue": "92591000",
      "costofGoodsAndServicesSold": "92591000",
      "operatingIncome": "58132000",
      "sellingGeneralAndAdministrative": "28671000",
      "researchAndDevelopment": "4760000",
      "operatingExpenses": "46192000",
      "investmentIncomeNet": "None",
      "netInterestIncome": "None",
      "interestIncome": "None",
      "interestExpense": "4000",
      "nonInterestIncome": "None",
      "otherNonOperatingIncome": "None",
      "depreciation": "None",
      "depreciationAndAmortization": "9064000",
      "incomeBeforeTax": "65209000",
      "incomeTaxExpense": "18590000",
      "interestAndDebtExpense": "None",
      "netIncomeFromContinuingOperations": "0",
      "comprehensiveIncomeNetOfTax": "None",
      "ebit": "70893000",
      "ebitda": "79957000",
      "netIncome": "46619000"
    },
    {
      "fiscalDateEnding": "2007-12-31",
      "reportedCurrency": "USD",
      "grossProfit": "110950000",
      "totalRevenue": "200797000",
      "costOfRevenue": "89847000",
      "costofGoodsAndServicesSold": "89847000",
      "operatingIncome": "78262000",
      "sellingGeneralAndAdministrative": "24191000",
      "researchAndDevelopment": "4432000",
      "operatingExpenses": "32688000",
      "investmentIncomeNet": "None",
      "netInterestIncome": "None",
      "interestIncome": "None",
      "interestExpense": "163000",
      "nonInterestIncome": "None",
      "otherNonOperatingIncome": "None",
      "depreciation": "None",
      "depreciationAndAmortization": "6800000",
      "incomeBeforeTax": "86140000",
      "incomeTaxExpense": "23266000",
      "interestAndDebtExpense": "None",
      "netIncomeFromContinuingOperations": "0",
      "comprehensiveIncomeNetOfTax": "None",
      "ebit": "78262000",
      "ebitda": "85062000",
      "netIncome": "62874000"
    },
    {
      "fiscalDateEnding": "2007-09-30",
      "reportedCurrency": "USD",
      "grossProfit": "82040000",
      "totalRevenue": "159007000",
      "costOfRevenue": "76967000",
      "costofGoodsAndServicesSold": "76967000",
      "operatingIncome": "48299000",
      "sellingGeneralAndAdministrative": "27082000",
      "researchAndDevelopment": "3854000",
      "operatingExpenses": "33741000",
      "investmentIncomeNet": "None",
      "netInterestIncome": "None",
      "interestIncome": "None",
      "interestExpense": "647000",
      "nonInterestIncome": "None",
      "otherNonOperatingIncome": "None",
      "depreciation": "None",
      "depreciationAndAmortization": "6531000",
      "incomeBeforeTax": "53649000",
      "incomeTaxExpense": "7615000",
      "interestAndDebtExpense": "None",
      "netIncomeFromContinuingOperations": "0",
      "comprehensiveIncomeNetOfTax": "None",
      "ebit": "48299000",
      "ebitda": "54830000",
      "netIncome": "46034000"
    },
    {
      "fiscalDateEnding": "2007-06-30",
      "reportedCurrency": "USD",
      "grossProfit": "28371000",
      "totalRevenue": "77223000",
      "costOfRevenue": "48852000",
      "costofGoodsAndServicesSold": "48852000",
      "operatingIncome": "5800000",
      "sellingGeneralAndAdministrative": "18808000",
      "researchAndDevelopment": "3763000",
      "operatingExpenses": "22571000",
      "investmentIncomeNet": "None",
      "netInterestIncome": "None",
      "interestIncome": "None",
      "interestExpense": "1283000",
      "nonInterestIncome": "None",
      "otherNonOperatingIncome": "None",
      "depreciation": "None",
      "depreciationAndAmortization": "6027000",
      "incomeBeforeTax": "7864000",
      "incomeTaxExpense": "-36554000",
      "interestAndDebtExpense": "None",
      "netIncomeFromContinuingOperations": "0",
      "comprehensiveIncomeNetOfTax": "None",
      "ebit": "5800000",
      "ebitda": "11827000",
      "netIncome": "44418000"
    },
    {
      "fiscalDateEnding": "2007-03-31",
      "reportedCurrency": "USD",
      "grossProfit": "30042000",
      "totalRevenue": "66949000",
      "costOfRevenue": "36907000",
      "costofGoodsAndServicesSold": "36907000",
      "operatingIncome": "4820000",
      "sellingGeneralAndAdministrative": "22164000",
      "researchAndDevelopment": "3058000",
      "operatingExpenses": "25222000",
      "investmentIncomeNet": "None",
      "netInterestIncome": "None",
      "interestIncome": "None",
      "interestExpense": "201000",
      "nonInterestIncome": "None",
      "otherNonOperatingIncome": "None",
      "depreciation": "None",
      "depreciationAndAmortization": "5123000",
      "incomeBeforeTax": "8309000",
      "incomeTaxExpense": "3281000",
      "interestAndDebtExpense": "None",
      "netIncomeFromContinuingOperations": "0",
      "comprehensiveIncomeNetOfTax": "None",
      "ebit": "4820000",
      "ebitda": "9943000",
      "netIncome": "5028000"
    },
    {
      "fiscalDateEnding": "2006-12-31",
      "reportedCurrency": "USD",
      "grossProfit": "25615000",
      "totalRevenue": "52695000",
      "costOfRevenue": "27080000",
      "costofGoodsAndServicesSold": "27080000",
      "operatingIncome": "6693000",
      "sellingGeneralAndAdministrative": "16574000",
      "researchAndDevelopment": "1649000",
      "operatingExpenses": "18922000",
      "investmentIncomeNet": "None",
      "netInterestIncome": "None",
      "interestIncome": "None",
      "interestExpense": "1071000",
      "nonInterestIncome": "None",
      "otherNonOperatingIncome": "None",
      "depreciation": "None",
      "depreciationAndAmortization": "3698000",
      "incomeBeforeTax": "13063000",
      "incomeTaxExpense": "5025000",
      "interestAndDebtExpense": "None",
      "netIncomeFromContinuingOperations": "0",
      "comprehensiveIncomeNetOfTax": "None",
      "ebit": "7692000",
      "ebitda": "11390000",
      "netIncome": "8038000"
    },
    {
      "fiscalDateEnding": "2006-09-30",
      "reportedCurrency": "USD",
      "grossProfit": "16257000",
      "totalRevenue": "40794000",
      "costOfRevenue": "24537000",
      "costofGoodsAndServicesSold": "24537000",
      "operatingIncome": "5098000",
      "sellingGeneralAndAdministrative": "11159000",
      "researchAndDevelopment": "1571000",
      "operatingExpenses": "11159000",
      "investmentIncomeNet": "None",
      "netInterestIncome": "None",
      "interestIncome": "None",
      "interestExpense": "819000",
      "nonInterestIncome": "None",
      "otherNonOperatingIncome": "None",
      "depreciation": "None",
      "depreciationAndAmortization": "-1071000",
      "incomeBeforeTax": "4473000",
      "incomeTaxExpense": "181000",
      "interestAndDebtExpense": "None",
      "netIncomeFromContinuingOperations": "0",
      "comprehensiveIncomeNetOfTax": "None",
      "ebit": "6169000",
      "ebitda": "5098000",
      "netIncome": "4292000"
    },
    {
      "fiscalDateEnding": "2006-06-30",
      "reportedCurrency": "USD",
      "grossProfit": "27426000",
      "totalRevenue": "27426000",
      "costOfRevenue": "16397000",
      "costofGoodsAndServicesSold": "16397000",
      "operatingIncome": "27426000",
      "sellingGeneralAndAdministrative": "13731000",
      "researchAndDevelopment": "1536000",
      "operatingExpenses": "0",
      "investmentIncomeNet": "None",
      "netInterestIncome": "None",
      "interestIncome": "None",
      "interestExpense": "1169000",
      "nonInterestIncome": "None",
      "otherNonOperatingIncome": "None",
      "depreciation": "None",
      "depreciationAndAmortization": "None",
      "incomeBeforeTax": "-1355000",
      "incomeTaxExpense": "1355000",
      "interestAndDebtExpense": "None",
      "netIncomeFromContinuingOperations": "0",
      "comprehensiveIncomeNetOfTax": "None",
      "ebit": "0",
      "ebitda": "27426000",
      "netIncome": "-1355000"
    },
    {
      "fiscalDateEnding": "2006-03-31",
      "reportedCurrency": "USD",
      "grossProfit": "27426000",
      "totalRevenue": "27426000",
      "costOfRevenue": "9328000",
      "costofGoodsAndServicesSold": "9328000",
      "operatingIncome": "27426000",
      "sellingGeneralAndAdministrative": "9970000",
      "researchAndDevelopment": "1519000",
      "operatingExpenses": "0",
      "investmentIncomeNet": "None",
      "netInterestIncome": "None",
      "interestIncome": "None",
      "interestExpense": "1304000",
      "nonInterestIncome": "None",
      "otherNonOperatingIncome": "None",
      "depreciation": "None",
      "depreciationAndAmortization": "None",
      "incomeBeforeTax": "-1355000",
      "incomeTaxExpense": "1355000",
      "interestAndDebtExpense": "None",
      "netIncomeFromContinuingOperations": "0",
      "comprehensiveIncomeNetOfTax": "None",
      "ebit": "0",
      "ebitda": "27426000",
      "netIncome": "-1355000"
    },
    {
      "fiscalDateEnding": "2005-12-31",
      "reportedCurrency": "USD",
      "grossProfit": "13581000",
      "totalRevenue": "13581000",
      "costOfRevenue": "9811000",
      "costofGoodsAndServicesSold": "9811000",
      "operatingIncome": "-39272000",
      "sellingGeneralAndAdministrative": "10216000",
      "researchAndDevelopment": "1462000",
      "operatingExpenses": "52853000",
      "investmentIncomeNet": "None",
      "netInterestIncome": "None",
      "interestIncome": "None",
      "interestExpense": "773000",
      "nonInterestIncome": "None",
      "otherNonOperatingIncome": "None",
      "depreciation": "None",
      "depreciationAndAmortization": "None",
      "incomeBeforeTax": "-7204000",
      "incomeTaxExpense": "7204000",
      "interestAndDebtExpense": "None",
      "netIncomeFromContinuingOperations": "0",
      "comprehensiveIncomeNetOfTax": "None",
      "ebit": "0",
      "ebitda": "-39272000",
      "netIncome": "-7204000"
    },
    {
      "fiscalDateEnding": "2005-09-30",
      "reportedCurrency": "USD",
      "grossProfit": "11494000",
      "totalRevenue": "11494000",
      "costOfRevenue": "10004000",
      "costofGoodsAndServicesSold": "10004000",
      "operatingIncome": "11494000",
      "sellingGeneralAndAdministrative": "4652000",
      "researchAndDevelopment": "426000",
      "operatingExpenses": "0",
      "investmentIncomeNet": "None",
      "netInterestIncome": "None",
      "interestIncome": "None",
      "interestExpense": "0",
      "nonInterestIncome": "None",
      "otherNonOperatingIncome": "None",
      "depreciation": "None",
      "depreciationAndAmortization": "None",
      "incomeBeforeTax": "218000",
      "incomeTaxExpense": "-248000",
      "interestAndDebtExpense": "None",
      "netIncomeFromContinuingOperations": "0",
      "comprehensiveIncomeNetOfTax": "None",
      "ebit": "0",
      "ebitda": "11494000",
      "netIncome": "248000"
    }
  ]
}