{
  "symbol": "GOOG",
  "annualReports": [
    {
      "fiscalDateEnding": "2025-12-31",
      "reportedCurrency": "None",
      "grossProfit": "240301000000",
      "totalRevenue": "402836000000",
      "costOfRevenue": "162535000000",
      "costofGoodsAndServicesSold": "162535000000",
      "operatingIncome": "129039000000",
      "sellingGeneralAndAdministrative": "21482000000",
      "researchAndDevelopment": "61087000000",
      "operatingExpenses": "111262000000",
      "investmentIncomeNet": "None",
      "netInterestIncome": "None",
      "interestIncome": "None",
      "interestExpense": "None",
      "nonInterestIncome": "None",
      "otherNonOperatingIncome": "None",
      "depreciation": "None",
      "depreciationAndAmortization": "None",
      "incomeBeforeTax": "158826000000",
      "incomeTaxExpense": "26656000000",
      "interestAndDebtExpense": "None",
      "netIncomeFromContinuingOperations": "None",
      "comprehensiveIncomeNetOfTax": "None",
      "ebit": "None",
      "ebitda": "129039000000",
      "netIncome": "132170000000"
    },
    {
      "fiscalDateEnding": "2024-12-31",
      "reportedCurrency": "USD",
      "grossProfit": "203712000000",
      "totalRevenue": "350018000000",
      "costOfRevenue": "146306000000",
      "costofGoodsAndServicesSold": "146306000000",
      "operatingIncome": "112390000000",
      "sellingGeneralAndAdministrative": "14188000000",
      "researchAndDevelopment": "49326000000",
      "operatingExpenses": "91322000000",
      "investmentIncomeNet": "None",
      "netInterestIncome": "4214000000",
      "interestIncome": "4482000000",
      "interestExpense": "268000000",
      "nonInterestIncome": "None",
      "otherNonOperatingIncome": "None",
      "depreciation": "None",
      "depreciationAndAmortization": "15311000000",
      "incomeBeforeTax": "119815000000",
      "incomeTaxExpense": "19697000000",
      "interestAndDebtExpense": "None",
      "netIncomeFromContinuingOperations": "100118000000",
      "comprehensiveIncomeNetOfTax": "None",
      "ebit": "120083000000",
      "ebitda": "135394000000",
      "netIncome": "100118000000"
    },
    {
      "fiscalDateEnding": "2023-12-31",
      "reportedCurrency": "USD",
      "grossProfit": "174062000000",
      "totalRevenue": "307394000000",
      "costOfRevenue": "133332000000",
      "costofGoodsAndServicesSold": "133332000000",
      "operatingIncome": "84293000000",
      "sellingGeneralAndAdministrative": "16425000000",
      "researchAndDevelopment": "45427000000",
      "operatingExpenses": "89769000000",
      "investmentIncomeNet": "None",
      "netInterestIncome": "3557000000",
      "interestIncome": "3865000000",
      "interestExpense": "308000000",
      "nonInterestIncome": "None",
      "otherNonOperatingIncome": "None",
      "depreciation": "None",
      "depreciationAndAmortization": "11946000000",
      "incomeBeforeTax": "85717000000",
      "incomeTaxExpense": "11922000000",
      "interestAndDebtExpense": "None",
      "netIncomeFromContinuingOperations": "73795000000",
      "comprehensiveIncomeNetOfTax": "None",
      "ebit": "86025000000",
      "ebitda": "97971000000",
      "netIncome": "73795000000"
    },
    {
      "fiscalDateEnding": "2022-12-31",
      "reportedCurrency": "USD",
      "grossProfit": "156633000000",
      "totalRevenue": "282836000000",
      "costOfRevenue": "126203000000",
      "costofGoodsAndServicesSold": "126203000000",
      "operatingIncome": "74842000000",
      "sellingGeneralAndAdministrative": "15724000000",
      "researchAndDevelopment": "39500000000",
      "operatingExpenses": "81791000000",
      "investmentIncomeNet": "None",
      "netInterestIncome": "1817000000",
      "interestIncome": "2174000000",
      "interestExpense": "357000000",
      "nonInterestIncome": "None",
      "otherNonOperatingIncome": "-3514000000",
      "depreciation": "None",
      "depreciationAndAmortization": "13475000000",
      "incomeBeforeTax": "71328000000",
      "incomeTaxExpense": "11356000000",
      "interestAndDebtExpense": "None",
      "netIncomeFromContinuingOperations": "59972000000",
      "comprehensiveIncomeNetOfTax": "None",
      "ebit": "71685000000",
      "ebitda": "85160000000",
      "netIncome": "59972000000"
    },
    {
      "fiscalDateEnding": "2021-12-31",
      "reportedCurrency": "USD",
      "grossProfit": "146698000000",
      "totalRevenue": "257637000000",
      "costOfRevenue": "110939000000",
      "costofGoodsAndServicesSold": "110939000000",
      "operatingIncome": "78714000000",
      "sellingGeneralAndAdministrative": "13510000000",
      "researchAndDevelopment": "31562000000",
      "operatingExpenses": "67984000000",
      "investmentIncomeNet": "None",
      "netInterestIncome": "1153000000",
      "interestIncome": "1499000000",
      "interestExpense": "346000000",
      "nonInterestIncome": "None",
      "otherNonOperatingIncome": "12020000000",
      "depreciation": "None",
      "depreciationAndAmortization": "12441000000",
      "incomeBeforeTax": "90734000000",
      "incomeTaxExpense": "14701000000",
      "interestAndDebtExpense": "None",
      "netIncomeFromContinuingOperations": "76033000000",
      "comprehensiveIncomeNetOfTax": "None",
      "ebit": "91080000000",
      "ebitda": "103521000000",
      "netIncome": "76033000000"
    },
    {
      "fiscalDateEnding": "2020-12-31",
      "reportedCurrency": "USD",
      "grossProfit": "97795000000",
      "totalRevenue": "182527000000",
      "costOfRevenue": "84732000000",
      "costofGoodsAndServicesSold": "84732000000",
      "operatingIncome": "41224000000",
      "sellingGeneralAndAdministrative": "11052000000",
      "researchAndDevelopment": "27573000000",
      "operatingExpenses": "56571000000",
      "investmentIncomeNet": "None",
      "netInterestIncome": "1730000000",
      "interestIncome": "1865000000",
      "interestExpense": "135000000",
      "nonInterestIncome": "None",
      "otherNonOperatingIncome": "6858000000",
      "depreciation": "None",
      "depreciationAndAmortization": "13697000000",
      "incomeBeforeTax": "48082000000",
      "incomeTaxExpense": "7813000000",
      "interestAndDebtExpense": "None",
      "netIncomeFromContinuingOperations": "40269000000",
      "comprehensiveIncomeNetOfTax": "None",
      "ebit": "48217000000",
      "ebitda": "61914000000",
      "netIncome": "40269000000"
    },
    {
      "fiscalDateEnding": "2019-12-31",
      "reportedCurrency": "USD",
      "grossProfit": "89961000000",
      "totalRevenue": "161857000000",
      "costOfRevenue": "71896000000",
      "costofGoodsAndServicesSold": "71896000000",
      "operatingIncome": "34231000000",
      "sellingGeneralAndAdministrative": "9551000000",
      "researchAndDevelopment": "26018000000",
      "operatingExpenses": "55730000000",
      "investmentIncomeNet": "None",
      "netInterestIncome": "2327000000",
      "interestIncome": "2427000000",
      "interestExpense": "100000000",
      "nonInterestIncome": "None",
      "otherNonOperatingIncome": "5394000000",
      "depreciation": "None",
      "depreciationAndAmortization": "11781000000",
      "incomeBeforeTax": "39625000000",
      "incomeTaxExpense": "5282000000",
      "interestAndDebtExpense": "None",
      "netIncomeFromContinuingOperations": "34343000000",
      "comprehensiveIncomeNetOfTax": "None",
      "ebit": "39725000000",
      "ebitda": "51506000000",
      "netIncome": "34343000000"
    },
    {
      "fiscalDateEnding": "2018-12-31",
      "reportedCurrency": "USD",
      "grossProfit": "77270000000",
      "totalRevenue": "136819000000",
      "costOfRevenue": "59549000000",
      "costofGoodsAndServicesSold": "59549000000",
      "operatingIncome": "27524000000",
      "sellingGeneralAndAdministrative": "6923000000",
      "researchAndDevelopment": "21419000000",
      "operatingExpenses": "49746000000",
      "investmentIncomeNet": "None",
      "netInterestIncome": "1764000000",
      "interestIncome": "1878000000",
      "interestExpense": "114000000",
      "nonInterestIncome": "None",
      "otherNonOperatingIncome": "8592000000",
      "depreciation": "None",
      "depreciationAndAmortization": "9035000000",
      "incomeBeforeTax": "34913000000",
      "incomeTaxExpense": "4177000000",
      "interestAndDebtExpense": "None",
      "netIncomeFromContinuingOperations": "30736000000",
      "comprehensiveIncomeNetOfTax": "None",
      "ebit": "35027000000",
      "ebitda": "44062000000",
      "netIncome": "30736000000"
    },
    {
      "fiscalDateEnding": "2017-12-31",
      "reportedCurrency": "USD",
      "grossProfit": "65272000000",
      "totalRevenue": "110855000000",
      "costOfRevenue": "45583000000",
      "costofGoodsAndServicesSold": "45583000000",
      "operatingIncome": "26178000000",
      "sellingGeneralAndAdministrative": "6840000000",
      "researchAndDevelopment": "16625000000",
      "operatingExpenses": "39094000000",
      "investmentIncomeNet": "None",
      "netInterestIncome": "1203000000",
      "interestIncome": "1312000000",
      "interestExpense": "109000000",
      "nonInterestIncome": "None",
      "otherNonOperatingIncome": "1047000000",
      "depreciation": "None",
      "depreciationAndAmortization": "6915000000",
      "incomeBeforeTax": "27193000000",
      "incomeTaxExpense": "14531000000",
      "interestAndDebtExpense": "None",
      "netIncomeFromContinuingOperations": "12662000000",
      "comprehensiveIncomeNetOfTax": "None",
      "ebit": "27302000000",
      "ebitda": "34217000000",
      "netIncome": "12662000000"
    },
    {
      "fiscalDateEnding": "2016-12-31",
      "reportedCurrency": "USD",
      "grossProfit": "55134000000",
      "totalRevenue": "90272000000",
      "costOfRevenue": "35138000000",
      "costofGoodsAndServicesSold": "35138000000",
      "operatingIncome": "23716000000",
      "sellingGeneralAndAdministrative": "6985000000",
      "researchAndDevelopment": "13948000000",
      "operatingExpenses": "31418000000",
      "investmentIncomeNet": "None",
      "netInterestIncome": "1096000000",
      "interestIncome": "1220000000",
      "interestExpense": "124000000",
      "nonInterestIncome": "None",
      "otherNonOperatingIncome": "434000000",
      "depreciation": "None",
      "depreciationAndAmortization": "6144000000",
      "incomeBeforeTax": "24150000000",
      "incomeTaxExpense": "4672000000",
      "interestAndDebtExpense": "None",
      "netIncomeFromContinuingOperations": "19478000000",
      "comprehensiveIncomeNetOfTax": "None",
      "ebit": "24274000000",
      "ebitda": "30418000000",
      "netIncome": "19478000000"
    },
    {
      "fiscalDateEnding": "2015-12-31",
      "reportedCurrency": "USD",
      "grossProfit": "46825000000",
      "totalRevenue": "74989000000",
      "costOfRevenue": "28164000000",
      "costofGoodsAndServicesSold": "28164000000",
      "operatingIncome": "19360000000",
      "sellingGeneralAndAdministrative": "6136000000",
      "researchAndDevelopment": "12282000000",
      "operatingExpenses": "27465000000",
      "investmentIncomeNet": "None",
      "netInterestIncome": "None",
      "interestIncome": "35000000",
      "interestExpense": "104000000",
      "nonInterestIncome": "None",
      "otherNonOperatingIncome": "291000000",
      "depreciation": "None",
      "depreciationAndAmortization": "5063000000",
      "incomeBeforeTax": "19651000000",
      "incomeTaxExpense": "3303000000",
      "interestAndDebtExpense": "None",
      "netIncomeFromContinuingOperations": "16348000000",
      "comprehensiveIncomeNetOfTax": "None",
      "ebit": "19755000000",
      "ebitda": "24818000000",
      "netIncome": "16348000000"
    },
    {
      "fiscalDateEnding": "2014-12-31",
      "reportedCurrency": "USD",
      "grossProfit": "40310000000",
      "totalRevenue": "66001000000",
      "costOfRevenue": "25691000000",
      "costofGoodsAndServicesSold": "25691000000",
      "operatingIncome": "16496000000",
      "sellingGeneralAndAdministrative": "5851000000",
      "researchAndDevelopment": "9832000000",
      "operatingExpenses": "23814000000",
      "investmentIncomeNet": "None",
      "netInterestIncome": "None",
      "interestIncome": "None",
      "interestExpense": "101000000",
      "nonInterestIncome": "None",
      "otherNonOperatingIncome": "None",
      "depreciation": "None",
      "depreciationAndAmortization": "4979000000",
      "incomeBeforeTax": "17259000000",
      "incomeTaxExpense": "3639000000",
      "interestAndDebtExpense": "None",
      "netIncomeFromContinuingOperations": "13620000000",
      "comprehensiveIncomeNetOfTax": "None",
      "ebit": "17360000000",
      "ebitda": "22339000000",
      "netIncome": "14136000000"
    },
    {
      "fiscalDateEnding": "2013-12-31",
      "reportedCurrency": "USD",
      "grossProfit": "33526000000",
      "totalRevenue": "55519000000",
      "costOfRevenue": "21993000000",
      "costofGoodsAndServicesSold": "21993000000",
      "operatingIncome": "15403000000",
      "sellingGeneralAndAdministrative": "4432000000",
      "researchAndDevelopment": "7137000000",
      "operatingExpenses": "18123000000",
      "investmentIncomeNet": "None",
      "netInterestIncome": "None",
      "interestIncome": "None",
      "interestExpense": "81000000",
      "nonInterestIncome": "None",
      "otherNonOperatingIncome": "None",
      "depreciation": "None",
      "depreciationAndAmortization": "3939000000",
      "incomeBeforeTax": "15899000000",
      "incomeTaxExpense": "2739000000",
      "interestAndDebtExpense": "None",
      "netIncomeFromContinuingOperations": "None",
      "comprehensiveIncomeNetOfTax": "None",
      "ebit": "15980000000",
      "ebitda": "19919000000",
      "netIncome": "12733000000"
    },
    {
      "fiscalDateEnding": "2012-12-31",
      "reportedCurrency": "USD",
      "grossProfit": "28863000000",
      "totalRevenue": "46039000000",
      "costOfRevenue": "17176000000",
      "costofGoodsAndServicesSold": "17176000000",
      "operatingIncome": "13834000000",
      "sellingGeneralAndAdministrative": "3481000000",
      "researchAndDevelopment": "6083000000",
      "operatingExpenses": "15029000000",
      "investmentIncomeNet": "None",
      "netInterestIncome": "None",
      "interestIncome": "None",
      "interestExpense": "85000000",
      "nonInterestIncome": "None",
      "otherNonOperatingIncome": "None",
      "depreciation": "None",
      "depreciationAndAmortization": "2962000000",
      "incomeBeforeTax": "14469000000",
      "incomeTaxExpense": "2916000000",
      "interestAndDebtExpense": "None",
      "netIncomeFromContinuingOperations": "None",
      "comprehensiveIncomeNetOfTax": "None",
      "ebit": "14554000000",
      "ebitda": "17516000000",
      "netIncome": "10737000000"
    },
    {
      "fiscalDateEnding": "2011-12-31",
      "reportedCurrency": "USD",
      "grossProfit": "24717000000",
      "totalRevenue": "37905000000",
      "costOfRevenue": "13188000000",
      "costofGoodsAndServicesSold": "13188000000",
      "operatingIncome": "11742000000",
      "sellingGeneralAndAdministrative": "2724000000",
      "researchAndDevelopment": "5162000000",
      "operatingExpenses": "12975000000",
      "investmentIncomeNet": "None",
      "netInterestIncome": "None",
      "interestIncome": "None",
      "interestExpense": "58000000",
      "nonInterestIncome": "None",
      "otherNonOperatingIncome": "None",
      "depreciation": "None",
      "depreciationAndAmortization": "1851000000",
      "incomeBeforeTax": "12326000000",
      "incomeTaxExpense": "2589000000",
      "interestAndDebtExpense": "None",
      "netIncomeFromContinuingOperations": "None",
      "comprehensiveIncomeNetOfTax": "None",
      "ebit": "12384000000",
      "ebitda": "14235000000",
      "netIncome": "9737000000"
    },
    {
      "fiscalDateEnding": "2010-12-31",
      "reportedCurrency": "USD",
      "grossProfit": "18904000000",
      "totalRevenue": "29321000000",
      "costOfRevenue": "10417000000",
      "costofGoodsAndServicesSold": "10417000000",
      "operatingIncome": "10381000000",
      "sellingGeneralAndAdministrative": "1962000000",
      "researchAndDevelopment": "3762000000",
      "operatingExpenses": "8523000000",
      "investmentIncomeNet": "None",
      "netInterestIncome": "None",
      "interestIncome": "None",
      "interestExpense": "5000000",
      "nonInterestIncome": "None",
      "otherNonOperatingIncome": "None",
      "depreciation": "None",
      "depreciationAndAmortization": "1396000000",
      "incomeBeforeTax": "10796000000",
      "incomeTaxExpense": "2291000000",
      "interestAndDebtExpense": "None",
      "netIncomeFromContinuingOperations": "None",
      "comprehensiveIncomeNetOfTax": "None",
      "ebit": "10801000000",
      "ebitda": "12197000000",
      "netIncome": "8505000000"
    },
    {
      "fiscalDateEnding": "2009-12-31",
      "reportedCurrency": "USD",
      "grossProfit": "14807000000",
      "totalRevenue": "23651000000",
      "costOfRevenue": "8844000000",
      "costofGoodsAndServicesSold": "8844000000",
      "operatingIncome": "8312000000",
      "sellingGeneralAndAdministrative": "1668000000",
      "researchAndDevelopment": "2843000000",
      "operatingExpenses": "6495000000",
      "investmentIncomeNet": "None",
      "netInterestIncome": "None",
      "interestIncome": "None",
      "interestExpense": "229673000",
      "nonInterestIncome": "None",
      "otherNonOperatingIncome": "None",
      "depreciation": "None",
      "depreciationAndAmortization": "1524000000",
      "incomeBeforeTax": "8381000000",
      "incomeTaxExpense": "1861000000",
      "interestAndDebtExpense": "None",
      "netIncomeFromContinuingOperations": "None",
      "comprehensiveIncomeNetOfTax": "None",
      "ebit": "8381000000",
      "ebitda": "9905000000",
      "netIncome": "6520000000"
    },
    {
      "fiscalDateEnding": "2008-12-31",
      "reportedCurrency": "USD",
      "grossProfit": "13174000000",
      "totalRevenue": "21796000000",
      "costOfRevenue": "8622000000",
      "costofGoodsAndServicesSold": "8622000000",
      "operatingIncome": "6632000000",
      "sellingGeneralAndAdministrative": "1803000000",
      "researchAndDevelopment": "2793000000",
      "operatingExpenses": "6542000000",
      "investmentIncomeNet": "None",
      "netInterestIncome": "None",
      "interestIncome": "None",
      "interestExpense": "389533000",
      "nonInterestIncome": "None",
      "otherNonOperatingIncome": "None",
      "depreciation": "None",
      "depreciationAndAmortization": "1500000000",
      "incomeBeforeTax": "5853000000",
      "incomeTaxExpense": "1626000000",
      "interestAndDebtExpense": "None",
      "netIncomeFromContinuingOperations": "None",
      "comprehensiveIncomeNetOfTax": "None",
      "ebit": "6632000000",
      "ebitda": "8132000000",
      "netIncome": "4227000000"
    },
    {
      "fiscalDateEnding": "2007-12-31",
      "reportedCurrency": "USD",
      "grossProfit": "9944901000",
      "totalRevenue": "16593986000",
      "costOfRevenue": "6649085000",
      "costofGoodsAndServicesSold": "6649085000",
      "operatingIncome": "5084400000",
      "sellingGeneralAndAdministrative": "1279250000",
      "researchAndDevelopment": "2119985000",
      "operatingExpenses": "4860501000",
      "investmentIncomeNet": "None",
      "netInterestIncome": "None",
      "interestIncome": "None",
      "interestExpense": "1203000",
      "nonInterestIncome": "None",
      "otherNonOperatingIncome": "None",
      "depreciation": "None",
      "depreciationAndAmortization": "967658000",
      "incomeBeforeTax": "5673980000",
      "incomeTaxExpense": "1470260000",
      "interestAndDebtExpense": "None",
      "netIncomeFromContinuingOperations": "None",
      "comprehensiveIncomeNetOfTax": "None",
      "ebit": "5084400000",
      "ebitda": "6052058000",
      "netIncome": "4203720000"
    },
    {
      "fiscalDateEnding": "2006-12-31",
      "reportedCurrency": "USD",
      "grossProfit": "6379890000",
      "totalRevenue": "10604917000",
      "costOfRevenue": "4225027000",
      "costofGoodsAndServicesSold": "4225027000",
      "operatingIncome": "3549996000",
      "sellingGeneralAndAdministrative": "751787000",
      "researchAndDevelopment": "1228589000",
      "operatingExpenses": "2829894000",
      "investmentIncomeNet": "None",
      "netInterestIncome": "None",
      "interestIncome": "None",
      "interestExpense": "0",
      "nonInterestIncome": "None",
      "otherNonOperatingIncome": "None",
      "depreciation": "None",
      "depreciationAndAmortization": "571939000",
      "incomeBeforeTax": "4011040000",
      "incomeTaxExpense": "933594000",
      "interestAndDebtExpense": "None",
      "netIncomeFromContinuingOperations": "None",
      "comprehensiveIncomeNetOfTax": "None",
      "ebit": "3549996000",
      "ebitda": "4121935000",
      "netIncome": "3077446000"
    }
  ],
  "quarterlyReports": [
    {
      "fiscalDateEnding": "2025-12-31",
      "reportedCurrency": "None",
      "grossProfit": "68062000000",
      "totalRevenue": "113828000000",
      "costOfRevenue": "45766000000",
      "costofGoodsAndServicesSold": "45766000000",
      "operatingIncome": "35934000000",
      "sellingGeneralAndAdministrative": "5341000000",
      "researchAndDevelopment": "18572000000",
      "operatingExpenses": "32128000000",
      "investmentIncomeNet": "None",
      "netInterestIncome": "None",
      "interestIncome": "None",
      "interestExpense": "None",
      "nonInterestIncome": "None",
      "otherNonOperatingIncome": "None",
      "depreciation": "None",
      "depreciationAndAmortization": "None",
      "incomeBeforeTax": "39117000000",
      "incomeTaxExpense": "4662000000",
      "interestAndDebtExpense": "None",
      "netIncomeFromContinuingOperations": "None",
      "comprehensiveIncomeNetOfTax": "None",
      "ebit": "None",
      "ebitda": "35934000000",
      "netIncome": "34455000000"
    },
    {
      "fiscalDateEnding": "2025-09-30",
      "reportedCurrency": "USD",
      "grossProfit": "60977000000",
      "totalRevenue": "102346000000",
      "costOfRevenue": "41369000000",
      "costofGoodsAndServicesSold": "41369000000",
      "operatingIncome": "31228000000",
      "sellingGeneralAndAdministrative": "7393000000",
      "researchAndDevelopment": "15151000000",
      "operatingExpenses": "29749000000",
      "investmentIncomeNet": "None",
      "netInterestIncome": "933000000",
      "interestIncome": "1076000000",
      "interestExpense": "143000000",
      "nonInterestIncome": "None",
      "otherNonOperatingIncome": "None",
      "depreciation": "None",
      "depreciationAndAmortization": "5611000000",
      "incomeBeforeTax": "43987000000",
      "incomeTaxExpense": "9008000000",
      "interestAndDebtExpense": "None",
      "netIncomeFromContinuingOperations": "34979000000",
      "comprehensiveIncomeNetOfTax": "None",
      "ebit": "44130000000",
      "ebitda": "49741000000",
      "netIncome": "34979000000"
    },
    {
      "fiscalDateEnding": "2025-06-30",
      "reportedCurrency": "USD",
      "grossProfit": "57389000000",
      "totalRevenue": "96428000000",
      "costOfRevenue": "39039000000",
      "costofGoodsAndServicesSold": "39039000000",
      "operatingIncome": "31271000000",
      "sellingGeneralAndAdministrative": "5209000000",
      "researchAndDevelopment": "13808000000",
      "operatingExpenses": "26118000000",
      "investmentIncomeNet": "None",
      "netInterestIncome": "789000000",
      "interestIncome": "1050000000",
      "interestExpense": "261000000",
      "nonInterestIncome": "None",
      "otherNonOperatingIncome": "None",
      "depreciation": "None",
      "depreciationAndAmortization": "4998000000",
      "incomeBeforeTax": "33933000000",
      "incomeTaxExpense": "5737000000",
      "interestAndDebtExpense": "None",
      "netIncomeFromContinuingOperations": "28196000000",
      "comprehensiveIncomeNetOfTax": "None",
      "ebit": "34194000000",
      "ebitda": "39192000000",
      "netIncome": "28196000000"
    },
    {
      "fiscalDateEnding": "2025-03-31",
      "reportedCurrency": "USD",
      "grossProfit": "53873000000",
      "totalRevenue": "90234000000",
      "costOfRevenue": "36361000000",
      "costofGoodsAndServicesSold": "36361000000",
      "operatingIncome": "30606000000",
      "sellingGeneralAndAdministrative": "3539000000",
      "researchAndDevelopment": "13556000000",
      "operatingExpenses": "23267000000",
      "investmentIncomeNet": "None",
      "netInterestIncome": "967000000",
      "interestIncome": "1001000000",
      "interestExpense": "34000000",
      "nonInterestIncome": "None",
      "otherNonOperatingIncome": "None",
      "depreciation": "None",
      "depreciationAndAmortization": "4487000000",
      "incomeBeforeTax": "41789000000",
      "incomeTaxExpense": "7249000000",
      "interestAndDebtExpense": "None",
      "netIncomeFromContinuingOperations": "34540000000",
      "comprehensiveIncomeNetOfTax": "None",
      "ebit": "41823000000",
      "ebitda": "46310000000",
      "netIncome": "34540000000"
    },
    {
      "fiscalDateEnding": "2024-12-31",
      "reportedCurrency": "USD",
      "grossProfit": "55856000000",
      "totalRevenue": "96469000000",
      "costOfRevenue": "40613000000",
      "costofGoodsAndServicesSold": "40613000000",
      "operatingIncome": "30972000000",
      "sellingGeneralAndAdministrative": "4405000000",
      "researchAndDevelopment": "13116000000",
      "operatingExpenses": "24884000000",
      "investmentIncomeNet": "None",
      "netInterestIncome": "1035000000",
      "interestIncome": "1088000000",
      "interestExpense": "53000000",
      "nonInterestIncome": "None",
      "otherNonOperatingIncome": "None",
      "depreciation": "None",
      "depreciationAndAmortization": "4205000000",
      "incomeBeforeTax": "32243000000",
      "incomeTaxExpense": "5707000000",
      "interestAndDebtExpense": "None",
      "netIncomeFromContinuingOperations": "26536000000",
      "comprehensiveIncomeNetOfTax": "None",
      "ebit": "32296000000",
      "ebitda": "36501000000",
      "netIncome": "26536000000"
    },
    {
      "fiscalDateEnding": "2024-09-30",
      "reportedCurrency": "USD",
      "grossProfit": "51794000000",
      "totalRevenue": "88268000000",
      "costOfRevenue": "36474000000",
      "costofGoodsAndServicesSold": "36474000000",
      "operatingIncome": "28521000000",
      "sellingGeneralAndAdministrative": "3599000000",
      "researchAndDevelopment": "12447000000",
      "operatingExpenses": "23273000000",
      "investmentIncomeNet": "None",
      "netInterestIncome": "1189000000",
      "interestIncome": "1243000000",
      "interestExpense": "54000000",
      "nonInterestIncome": "None",
      "otherNonOperatingIncome": "None",
      "depreciation": "None",
      "depreciationAndAmortization": "3985000000",
      "incomeBeforeTax": "31706000000",
      "incomeTaxExpense": "5405000000",
      "interestAndDebtExpense": "None",
      "netIncomeFromContinuingOperations": "26301000000",
      "comprehensiveIncomeNetOfTax": "None",
      "ebit": "31760000000",
      "ebitda": "35745000000",
      "netIncome": "26301000000"
    },
    {
      "fiscalDateEnding": "2024-06-30",
      "reportedCurrency": "USD",
      "grossProfit": "49235000000",
      "totalRevenue": "84742000000",
      "costOfRevenue": "35507000000",
      "costofGoodsAndServicesSold": "35507000000",
      "operatingIncome": "27425000000",
      "sellingGeneralAndAdministrative": "3158000000",
      "researchAndDevelopment": "11860000000",
      "operatingExpenses": "21810000000",
      "investmentIncomeNet": "None",
      "netInterestIncome": "1023000000",
      "interestIncome": "1090000000",
      "interestExpense": "67000000",
      "nonInterestIncome": "None",
      "otherNonOperatingIncome": "None",
      "depreciation": "None",
      "depreciationAndAmortization": "3708000000",
      "incomeBeforeTax": "27551000000",
      "incomeTaxExpense": "3932000000",
      "interestAndDebtExpense": "None",
      "netIncomeFromContinuingOperations": "23619000000",
      "comprehensiveIncomeNetOfTax": "None",
      "ebit": "27618000000",
      "ebitda": "31326000000",
      "netIncome": "23619000000"
    },
    {
      "fiscalDateEnding": "2024-03-31",
      "reportedCurrency": "USD",
      "grossProfit": "47063000000",
      "totalRevenue": "80539000000",
      "costOfRevenue": "33712000000",
      "costofGoodsAndServicesSold": "33712000000",
      "operatingIncome": "25472000000",
      "sellingGeneralAndAdministrative": "3026000000",
      "researchAndDevelopment": "11315000000",
      "operatingExpenses": "21355000000",
      "investmentIncomeNet": "None",
      "netInterestIncome": "967000000",
      "interestIncome": "1061000000",
      "interestExpense": "94000000",
      "nonInterestIncome": "None",
      "otherNonOperatingIncome": "None",
      "depreciation": "None",
      "depreciationAndAmortization": "3413000000",
      "incomeBeforeTax": "28315000000",
      "incomeTaxExpense": "4653000000",
      "interestAndDebtExpense": "None",
      "netIncomeFromContinuingOperations": "23662000000",
      "comprehensiveIncomeNetOfTax": "None",
      "ebit": "25472000000",
      "ebitda": "28885000000",
      "netIncome": "23662000000"
    },
    {
      "fiscalDateEnding": "2023-12-31",
      "reportedCurrency": "USD",
      "grossProfit": "48735000000",
      "totalRevenue": "86310000000",
      "costOfRevenue": "37575000000",
      "costofGoodsAndServicesSold": "37575000000",
      "operatingIncome": "23697000000",
      "sellingGeneralAndAdministrative": "5206000000",
      "researchAndDevelopment": "12113000000",
      "operatingExpenses": "25038000000",
      "investmentIncomeNet": "None",
      "netInterestIncome": "1041000000",
      "interestIncome": "1110000000",
      "interestExpense": "69000000",
      "nonInterestIncome": "None",
      "otherNonOperatingIncome": "None",
      "depreciation": "None",
      "depreciationAndAmortization": "1563000000",
      "incomeBeforeTax": "24412000000",
      "incomeTaxExpense": "3725000000",
      "interestAndDebtExpense": "None",
      "netIncomeFromContinuingOperations": "20687000000",
      "comprehensiveIncomeNetOfTax": "None",
      "ebit": "23697000000",
      "ebitda": "25260000000",
      "netIncome": "20687000000"
    },
    {
      "fiscalDateEnding": "2023-09-30",
      "reportedCurrency": "USD",
      "grossProfit": "43464000000",
      "totalRevenue": "76693000000",
      "costOfRevenue": "33229000000",
      "costofGoodsAndServicesSold": "33229000000",
      "operatingIncome": "21343000000",
      "sellingGeneralAndAdministrative": "3979000000",
      "researchAndDevelopment": "11258000000",
      "operatingExpenses": "22121000000",
      "investmentIncomeNet": "None",
      "netInterestIncome": "950000000",
      "interestIncome": "1066000000",
      "interestExpense": "116000000",
      "nonInterestIncome": "None",
      "otherNonOperatingIncome": "None",
      "depreciation": "None",
      "depreciationAndAmortization": "3800000000",
      "incomeBeforeTax": "21197000000",
      "incomeTaxExpense": "1508000000",
      "interestAndDebtExpense": "None",
      "netIncomeFromContinuingOperations": "19689000000",
      "comprehensiveIncomeNetOfTax": "None",
      "ebit": "21343000000",
      "ebitda": "25143000000",
      "netIncome": "19689000000"
    },
    {
      "fiscalDateEnding": "2023-06-30",
      "reportedCurrency": "USD",
      "grossProfit": "42688000000",
      "totalRevenue": "74604000000",
      "costOfRevenue": "31916000000",
      "costofGoodsAndServicesSold": "31916000000",
      "operatingIncome": "21838000000",
      "sellingGeneralAndAdministrative": "3481000000",
      "researchAndDevelopment": "10588000000",
      "operatingExpenses": "20850000000",
      "investmentIncomeNet": "None",
      "netInterestIncome": "849000000",
      "interestIncome": "892000000",
      "interestExpense": "43000000",
      "nonInterestIncome": "None",
      "otherNonOperatingIncome": "65000000",
      "depreciation": "None",
      "depreciationAndAmortization": "2824000000",
      "incomeBeforeTax": "21903000000",
      "incomeTaxExpense": "3535000000",
      "interestAndDebtExpense": "None",
      "netIncomeFromContinuingOperations": "18368000000",
      "comprehensiveIncomeNetOfTax": "None",
      "ebit": "21946000000",
      "ebitda": "24770000000",
      "netIncome": "18368000000"
    },
    {
      "fiscalDateEnding": "2023-03-31",
      "reportedCurrency": "USD",
      "grossProfit": "39175000000",
      "totalRevenue": "69787000000",
      "costOfRevenue": "30612000000",
      "costofGoodsAndServicesSold": "30612000000",
      "operatingIncome": "17415000000",
      "sellingGeneralAndAdministrative": "3759000000",
      "researchAndDevelopment": "11468000000",
      "operatingExpenses": "21760000000",
      "investmentIncomeNet": "None",
      "netInterestIncome": "717000000",
      "interestIncome": "797000000",
      "interestExpense": "80000000",
      "nonInterestIncome": "None",
      "otherNonOperatingIncome": "790000000",
      "depreciation": "None",
      "depreciationAndAmortization": "2635000000",
      "incomeBeforeTax": "18205000000",
      "incomeTaxExpense": "3154000000",
      "interestAndDebtExpense": "None",
      "netIncomeFromContinuingOperations": "15051000000",
      "comprehensiveIncomeNetOfTax": "None",
      "ebit": "18285000000",
      "ebitda": "20920000000",
      "netIncome": "15051000000"
    },
    {
      "fiscalDateEnding": "2022-12-31",
      "reportedCurrency": "USD",
      "grossProfit": "40706000000",
      "totalRevenue": "76048000000",
      "costOfRevenue": "35342000000",
      "costofGoodsAndServicesSold": "35342000000",
      "operatingIncome": "18160000000",
      "sellingGeneralAndAdministrative": "5096000000",
      "researchAndDevelopment": "10267000000",
      "operatingExpenses": "22546000000",
      "investmentIncomeNet": "None",
      "netInterestIncome": "569000000",
      "interestIncome": "659000000",
      "interestExpense": "90000000",
      "nonInterestIncome": "None",
      "otherNonOperatingIncome": "-1013000000",
      "depreciation": "None",
      "depreciationAndAmortization": "4201000000",
      "incomeBeforeTax": "17147000000",
      "incomeTaxExpense": "3523000000",
      "interestAndDebtExpense": "None",
      "netIncomeFromContinuingOperations": "13624000000",
      "comprehensiveIncomeNetOfTax": "None",
      "ebit": "17237000000",
      "ebitda": "21438000000",
      "netIncome": "13624000000"
    },
    {
      "fiscalDateEnding": "2022-09-30",
      "reportedCurrency": "USD",
      "grossProfit": "37934000000",
      "totalRevenue": "69092000000",
      "costOfRevenue": "31158000000",
      "costofGoodsAndServicesSold": "31158000000",
      "operatingIncome": "17135000000",
      "sellingGeneralAndAdministrative": "3597000000",
      "researchAndDevelopment": "10273000000",
      "operatingExpenses": "20799000000",
      "investmentIncomeNet": "None",
      "netInterestIncome": "514000000",
      "interestIncome": "615000000",
      "interestExpense": "101000000",
      "nonInterestIncome": "None",
      "otherNonOperatingIncome": "-902000000",
      "depreciation": "None",
      "depreciationAndAmortization": "4046000000",
      "incomeBeforeTax": "16233000000",
      "incomeTaxExpense": "2323000000",
      "interestAndDebtExpense": "None",
      "netIncomeFromContinuingOperations": "13910000000",
      "comprehensiveIncomeNetOfTax": "None",
      "ebit": "16334000000",
      "ebitda": "20380000000",
      "netIncome": "13910000000"
    },
    {
      "fiscalDateEnding": "2022-06-30",
      "reportedCurrency": "USD",
      "grossProfit": "39581000000",
      "totalRevenue": "69685000000",
      "costOfRevenue": "30104000000",
      "costofGoodsAndServicesSold": "30104000000",
      "operatingIncome": "19453000000",
      "sellingGeneralAndAdministrative": "3657000000",
      "researchAndDevelopment": "9841000000",
      "operatingExpenses": "20128000000",
      "investmentIncomeNet": "None",
      "netInterestIncome": "403000000",
      "interestIncome": "486000000",
      "interestExpense": "83000000",
      "nonInterestIncome": "None",
      "otherNonOperatingIncome": "-439000000",
      "depreciation": "None",
      "depreciationAndAmortization": "3899000000",
      "incomeBeforeTax": "19014000000",
      "incomeTaxExpense": "3012000000",
      "interestAndDebtExpense": "None",
      "netIncomeFromContinuingOperations": "16002000000",
      "comprehensiveIncomeNetOfTax": "None",
      "ebit": "19097000000",
      "ebitda": "22996000000",
      "netIncome": "16002000000"
    },
    {
      "fiscalDateEnding": "2022-03-31",
      "reportedCurrency": "USD",
      "grossProfit": "38412000000",
      "totalRevenue": "68011000000",
      "costOfRevenue": "29599000000",
      "costofGoodsAndServicesSold": "29599000000",
      "operatingIncome": "20094000000",
      "sellingGeneralAndAdministrative": "3374000000",
      "researchAndDevelopment": "9119000000",
      "operatingExpenses": "18318000000",
      "investmentIncomeNet": "None",
      "netInterestIncome": "331000000",
      "interestIncome": "414000000",
      "interestExpense": "83000000",
      "nonInterestIncome": "None",
      "otherNonOperatingIncome": "-1160000000",
      "depreciation": "None",
      "depreciationAndAmortization": "3782000000",
      "incomeBeforeTax": "18934000000",
      "incomeTaxExpense": "2498000000",
      "interestAndDebtExpense": "None",
      "netIncomeFromContinuingOperations": "16436000000",
      "comprehensiveIncomeNetOfTax": "None",
      "ebit": "19017000000",
      "ebitda": "22799000000",
      "netIncome": "16436000000"
    },
    {
      "fiscalDateEnding": "2021-12-31",
      "reportedCurrency": "USD",
      "grossProfit": "42337000000",
      "totalRevenue": "75325000000",
      "costOfRevenue": "32988000000",
      "costofGoodsAndServicesSold": "32988000000",
      "operatingIncome": "21885000000",
      "sellingGeneralAndAdministrative": "4140000000",
      "researchAndDevelopment": "8708000000",
      "operatingExpenses": "20452000000",
      "investmentIncomeNet": "None",
      "netInterestIncome": "261000000",
      "interestIncome": "378000000",
      "interestExpense": "117000000",
      "nonInterestIncome": "None",
      "otherNonOperatingIncome": "2517000000",
      "depreciation": "None",
      "depreciationAndAmortization": "3439000000",
      "incomeBeforeTax": "24402000000",
      "incomeTaxExpense": "3760000000",
      "interestAndDebtExpense": "None",
      "netIncomeFromContinuingOperations": "20642000000",
      "comprehensiveIncomeNetOfTax": "None",
      "ebit": "24519000000",
      "ebitda": "27958000000",
      "netIncome": "20642000000"
    },
    {
      "fiscalDateEnding": "2021-09-30",
      "reportedCurrency": "USD",
      "grossProfit": "37497000000",
      "totalRevenue": "65118000000",
      "costOfRevenue": "27621000000",
      "costofGoodsAndServicesSold": "27621000000",
      "operatingIncome": "21031000000",
      "sellingGeneralAndAdministrative": "3256000000",
      "researchAndDevelopment": "7694000000",
      "operatingExpenses": "16466000000",
      "investmentIncomeNet": "None",
      "netInterestIncome": "310000000",
      "interestIncome": "387000000",
      "interestExpense": "77000000",
      "nonInterestIncome": "None",
      "otherNonOperatingIncome": "2033000000",
      "depreciation": "None",
      "depreciationAndAmortization": "3304000000",
      "incomeBeforeTax": "23064000000",
      "incomeTaxExpense": "4128000000",
      "interestAndDebtExpense": "None",
      "netIncomeFromContinuingOperations": "18936000000",
      "comprehensiveIncomeNetOfTax": "None",
      "ebit": "23141000000",
      "ebitda": "26445000000",
      "netIncome": "18936000000"
    },
    {
      "fiscalDateEnding": "2021-06-30",
      "reportedCurrency": "USD",
      "grossProfit": "35653000000",
      "totalRevenue": "61880000000",
      "costOfRevenue": "26227000000",
      "costofGoodsAndServicesSold": "26227000000",
      "operatingIncome": "19361000000",
      "sellingGeneralAndAdministrative": "3341000000",
      "researchAndDevelopment": "7675000000",
      "operatingExpenses": "16292000000",
      "investmentIncomeNet": "None",
      "netInterestIncome": "313000000",
      "interestIncome": "389000000",
      "interestExpense": "76000000",
      "nonInterestIncome": "None",
      "otherNonOperatingIncome": "2624000000",
      "depreciation": "None",
      "depreciationAndAmortization": "2945000000",
      "incomeBeforeTax": "21985000000",
      "incomeTaxExpense": "3460000000",
      "interestAndDebtExpense": "None",
      "netIncomeFromContinuingOperations": "18525000000",
      "comprehensiveIncomeNetOfTax": "None",
      "ebit": "22061000000",
      "ebitda": "25006000000",
      "netIncome": "18525000000"
    },
    {
      "fiscalDateEnding": "2021-03-31",
      "reportedCurrency": "USD",
      "grossProfit": "31211000000",
      "totalRevenue": "55314000000",
      "costOfRevenue": "24103000000",
      "costofGoodsAndServicesSold": "24103000000",
      "operatingIncome": "16437000000",
      "sellingGeneralAndAdministrative": "2773000000",
      "researchAndDevelopment": "7485000000",
      "operatingExpenses": "14774000000",
      "investmentIncomeNet": "None",
      "netInterestIncome": "269000000",
      "interestIncome": "345000000",
      "interestExpense": "76000000",
      "nonInterestIncome": "None",
      "otherNonOperatingIncome": "4846000000",
      "depreciation": "None",
      "depreciationAndAmortization": "2753000000",
      "incomeBeforeTax": "21283000000",
      "incomeTaxExpense": "3353000000",
      "interestAndDebtExpense": "None",
      "netIncomeFromContinuingOperations": "17930000000",
      "comprehensiveIncomeNetOfTax": "None",
      "ebit": "21359000000",
      "ebitda": "24112000000",
      "netIncome": "17930000000"
    },
    {
      "fiscalDateEnding": "2020-12-31",
      "reportedCurrency": "USD",
      "grossProfit": "30818000000",
      "totalRevenue": "56898000000",
      "costOfRevenue": "26080000000",
      "costofGoodsAndServicesSold": "26080000000",
      "operatingIncome": "15651000000",
      "sellingGeneralAndAdministrative": "2831000000",
      "researchAndDevelopment": "7022000000",
      "operatingExpenses": "15167000000",
      "investmentIncomeNet": "None",
      "netInterestIncome": "333000000",
      "interestIncome": "386000000",
      "interestExpense": "53000000",
      "nonInterestIncome": "None",
      "otherNonOperatingIncome": "3038000000",
      "depreciation": "None",
      "depreciationAndAmortization": "3725000000",
      "incomeBeforeTax": "18689000000",
      "incomeTaxExpense": "3462000000",
      "interestAndDebtExpense": "None",
      "netIncomeFromContinuingOperations": "15227000000",
      "comprehensiveIncomeNetOfTax": "None",
      "ebit": "18742000000",
      "ebitda": "22467000000",
      "netIncome": "15227000000"
    },
    {
      "fiscalDateEnding": "2020-09-30",
      "reportedCurrency": "USD",
      "grossProfit": "25056000000",
      "totalRevenue": "46173000000",
      "costOfRevenue": "21117000000",
      "costofGoodsAndServicesSold": "21117000000",
      "operatingIncome": "11213000000",
      "sellingGeneralAndAdministrative": "2756000000",
      "researchAndDevelopment": "6856000000",
      "operatingExpenses": "13843000000",
      "investmentIncomeNet": "None",
      "netInterestIncome": "412000000",
      "interestIncome": "460000000",
      "interestExpense": "48000000",
      "nonInterestIncome": "None",
      "otherNonOperatingIncome": "2146000000",
      "depreciation": "None",
      "depreciationAndAmortization": "3478000000",
      "incomeBeforeTax": "13359000000",
      "incomeTaxExpense": "2112000000",
      "interestAndDebtExpense": "None",
      "netIncomeFromContinuingOperations": "11247000000",
      "comprehensiveIncomeNetOfTax": "None",
      "ebit": "13407000000",
      "ebitda": "16885000000",
      "netIncome": "11247000000"
    },
    {
      "fiscalDateEnding": "2020-06-30",
      "reportedCurrency": "USD",
      "grossProfit": "19744000000",
      "totalRevenue": "38297000000",
      "costOfRevenue": "18553000000",
      "costofGoodsAndServicesSold": "18553000000",
      "operatingIncome": "6383000000",
      "sellingGeneralAndAdministrative": "2585000000",
      "researchAndDevelopment": "6875000000",
      "operatingExpenses": "13361000000",
      "investmentIncomeNet": "None",
      "netInterestIncome": "420000000",
      "interestIncome": "433000000",
      "interestExpense": "13000000",
      "nonInterestIncome": "None",
      "otherNonOperatingIncome": "1894000000",
      "depreciation": "None",
      "depreciationAndAmortization": "3386000000",
      "incomeBeforeTax": "8277000000",
      "incomeTaxExpense": "1318000000",
      "interestAndDebtExpense": "None",
      "netIncomeFromContinuingOperations": "6959000000",
      "comprehensiveIncomeNetOfTax": "None",
      "ebit": "8290000000",
      "ebitda": "11676000000",
      "netIncome": "6959000000"
    },
    {
      "fiscalDateEnding": "2020-03-31",
      "reportedCurrency": "USD",
      "grossProfit": "22177000000",
      "totalRevenue": "41159000000",
      "costOfRevenue": "18982000000",
      "costofGoodsAndServicesSold": "18982000000",
      "operatingIncome": "7977000000",
      "sellingGeneralAndAdministrative": "2880000000",
      "researchAndDevelopment": "6820000000",
      "operatingExpenses": "14200000000",
      "investmentIncomeNet": "None",
      "netInterestIncome": "565000000",
      "interestIncome": "586000000",
      "interestExpense": "21000000",
      "nonInterestIncome": "None",
      "otherNonOperatingIncome": "-220000000",
      "depreciation": "None",
      "depreciationAndAmortization": "3108000000",
      "incomeBeforeTax": "7757000000",
      "incomeTaxExpense": "921000000",
      "interestAndDebtExpense": "None",
      "netIncomeFromContinuingOperations": "6836000000",
      "comprehensiveIncomeNetOfTax": "None",
      "ebit": "7778000000",
      "ebitda": "10886000000",
      "netIncome": "6836000000"
    },
    {
      "fiscalDateEnding": "2019-12-31",
      "reportedCurrency": "USD",
      "grossProfit": "25055000000",
      "totalRevenue": "46075000000",
      "costOfRevenue": "21020000000",
      "costofGoodsAndServicesSold": "21020000000",
      "operatingIncome": "9266000000",
      "sellingGeneralAndAdministrative": "2829000000",
      "researchAndDevelopment": "7222000000",
      "operatingExpenses": "15789000000",
      "investmentIncomeNet": "None",
      "netInterestIncome": "604000000",
      "interestIncome": "621000000",
      "interestExpense": "17000000",
      "nonInterestIncome": "None",
      "otherNonOperatingIncome": "1438000000",
      "depreciation": "None",
      "depreciationAndAmortization": "3413000000",
      "incomeBeforeTax": "10704000000",
      "incomeTaxExpense": "33000000",
      "interestAndDebtExpense": "None",
      "netIncomeFromContinuingOperations": "10671000000",
      "comprehensiveIncomeNetOfTax": "None",
      "ebit": "10721000000",
      "ebitda": "14134000000",
      "netIncome": "10671000000"
    },
    {
      "fiscalDateEnding": "2019-09-30",
      "reportedCurrency": "USD",
      "grossProfit": "22931000000",
      "totalRevenue": "40499000000",
      "costOfRevenue": "17568000000",
      "costofGoodsAndServicesSold": "17568000000",
      "operatingIncome": "9177000000",
      "sellingGeneralAndAdministrative": "2591000000",
      "researchAndDevelopment": "6554000000",
      "operatingExpenses": "13754000000",
      "investmentIncomeNet": "None",
      "netInterestIncome": "608000000",
      "interestIncome": "631000000",
      "interestExpense": "23000000",
      "nonInterestIncome": "None",
      "otherNonOperatingIncome": "-549000000",
      "depreciation": "None",
      "depreciationAndAmortization": "2920000000",
      "incomeBeforeTax": "8628000000",
      "incomeTaxExpense": "1560000000",
      "interestAndDebtExpense": "None",
      "netIncomeFromContinuingOperations": "7068000000",
      "comprehensiveIncomeNetOfTax": "None",
      "ebit": "8651000000",
      "ebitda": "11571000000",
      "netIncome": "7068000000"
    },
    {
      "fiscalDateEnding": "2019-06-30",
      "reportedCurrency": "USD",
      "grossProfit": "21648000000",
      "totalRevenue": "38944000000",
      "costOfRevenue": "17296000000",
      "costofGoodsAndServicesSold": "17296000000",
      "operatingIncome": "9180000000",
      "sellingGeneralAndAdministrative": "2043000000",
      "researchAndDevelopment": "6213000000",
      "operatingExpenses": "12468000000",
      "investmentIncomeNet": "None",
      "netInterestIncome": "628000000",
      "interestIncome": "653000000",
      "interestExpense": "25000000",
      "nonInterestIncome": "None",
      "otherNonOperatingIncome": "2967000000",
      "depreciation": "None",
      "depreciationAndAmortization": "2835000000",
      "incomeBeforeTax": "12147000000",
      "incomeTaxExpense": "2200000000",
      "interestAndDebtExpense": "None",
      "netIncomeFromContinuingOperations": "9947000000",
      "comprehensiveIncomeNetOfTax": "None",
      "ebit": "12172000000",
      "ebitda": "15007000000",
      "netIncome": "9947000000"
    },
    {
      "fiscalDateEnding": "2019-03-31",
      "reportedCurrency": "USD",
      "grossProfit": "20327000000",
      "totalRevenue": "36339000000",
      "costOfRevenue": "16012000000",
      "costofGoodsAndServicesSold": "16012000000",
      "operatingIncome": "6608000000",
      "sellingGeneralAndAdministrative": "2088000000",
      "researchAndDevelopment": "6029000000",
      "operatingExpenses": "13719000000",
      "investmentIncomeNet": "None",
      "netInterestIncome": "487000000",
      "interestIncome": "1417000000",
      "interestExpense": "35000000",
      "nonInterestIncome": "None",
      "otherNonOperatingIncome": "1538000000",
      "depreciation": "None",
      "depreciationAndAmortization": "2613000000",
      "incomeBeforeTax": "8146000000",
      "incomeTaxExpense": "1489000000",
      "interestAndDebtExpense": "None",
      "netIncomeFromContinuingOperations": "6657000000",
      "comprehensiveIncomeNetOfTax": "None",
      "ebit": "8181000000",
      "ebitda": "10794000000",
      "netIncome": "6657000000"
    },
    {
      "fiscalDateEnding": "2018-12-31",
      "reportedCurrency": "USD",
      "grossProfit": "21358000000",
      "totalRevenue": "39276000000",
      "costOfRevenue": "17918000000",
      "costofGoodsAndServicesSold": "17918000000",
      "operatingIncome": "8203000000",
      "sellingGeneralAndAdministrative": "2021000000",
      "researchAndDevelopment": "6034000000",
      "operatingExpenses": "13155000000",
      "investmentIncomeNet": "None",
      "netInterestIncome": "None",
      "interestIncome": "None",
      "interestExpense": "29000000",
      "nonInterestIncome": "None",
      "otherNonOperatingIncome": "1869000000",
      "depreciation": "None",
      "depreciationAndAmortization": "2580000000",
      "incomeBeforeTax": "10072000000",
      "incomeTaxExpense": "1124000000",
      "interestAndDebtExpense": "None",
      "netIncomeFromContinuingOperations": "8948000000",
      "comprehensiveIncomeNetOfTax": "None",
      "ebit": "10101000000",
      "ebitda": "12681000000",
      "netIncome": "8948000000"
    },
    {
      "fiscalDateEnding": "2018-09-30",
      "reportedCurrency": "USD",
      "grossProfit": "19459000000",
      "totalRevenue": "33740000000",
      "costOfRevenue": "14281000000",
      "costofGoodsAndServicesSold": "14281000000",
      "operatingIncome": "8625000000",
      "sellingGeneralAndAdministrative": "1753000000",
      "researchAndDevelopment": "5232000000",
      "operatingExpenses": "10834000000",
      "investmentIncomeNet": "None",
      "netInterestIncome": "None",
      "interestIncome": "None",
      "interestExpense": "28000000",
      "nonInterestIncome": "None",
      "otherNonOperatingIncome": "1773000000",
      "depreciation": "None",
      "depreciationAndAmortization": "2355000000",
      "incomeBeforeTax": "10083000000",
      "incomeTaxExpense": "891000000",
      "interestAndDebtExpense": "None",
      "netIncomeFromContinuingOperations": "9192000000",
      "comprehensiveIncomeNetOfTax": "None",
      "ebit": "10111000000",
      "ebitda": "12466000000",
      "netIncome": "9192000000"
    },
    {
      "fiscalDateEnding": "2018-06-30",
      "reportedCurrency": "USD",
      "grossProfit": "18774000000",
      "totalRevenue": "32657000000",
      "costOfRevenue": "13883000000",
      "costofGoodsAndServicesSold": "13883000000",
      "operatingIncome": "3045000000",
      "sellingGeneralAndAdministrative": "1764000000",
      "researchAndDevelopment": "5114000000",
      "operatingExpenses": "15729000000",
      "investmentIncomeNet": "None",
      "netInterestIncome": "None",
      "interestIncome": "None",
      "interestExpense": "27000000",
      "nonInterestIncome": "None",
      "otherNonOperatingIncome": "1408000000",
      "depreciation": "None",
      "depreciationAndAmortization": "2114000000",
      "incomeBeforeTax": "4215000000",
      "incomeTaxExpense": "1020000000",
      "interestAndDebtExpense": "None",
      "netIncomeFromContinuingOperations": "3195000000",
      "comprehensiveIncomeNetOfTax": "None",
      "ebit": "4242000000",
      "ebitda": "6356000000",
      "netIncome": "3195000000"
    },
    {
      "fiscalDateEnding": "2018-03-31",
      "reportedCurrency": "USD",
      "grossProfit": "17679000000",
      "totalRevenue": "31146000000",
      "costOfRevenue": "13467000000",
      "costofGoodsAndServicesSold": "13467000000",
      "operatingIncome": "7633000000",
      "sellingGeneralAndAdministrative": "1403000000",
      "researchAndDevelopment": "5039000000",
      "operatingExpenses": "10046000000",
      "investmentIncomeNet": "None",
      "netInterestIncome": "None",
      "interestIncome": "None",
      "interestExpense": "30000000",
      "nonInterestIncome": "None",
      "otherNonOperatingIncome": "3542000000",
      "depreciation": "None",
      "depreciationAndAmortization": "1986000000",
      "incomeBeforeTax": "10543000000",
      "incomeTaxExpense": "1142000000",
      "interestAndDebtExpense": "None",
      "netIncomeFromContinuingOperations": "9401000000",
      "comprehensiveIncomeNetOfTax": "None",
      "ebit": "10573000000",
      "ebitda": "12559000000",
      "netIncome": "9401000000"
    },
    {
      "fiscalDateEnding": "2017-12-31",
      "reportedCurrency": "USD",
      "grossProfit": "18056000000",
      "totalRevenue": "32323000000",
      "costOfRevenue": "14267000000",
      "costofGoodsAndServicesSold": "14267000000",
      "operatingIncome": "7664000000",
      "sellingGeneralAndAdministrative": "1776000000",
      "researchAndDevelopment": "4306000000",
      "operatingExpenses": "10392000000",
      "investmentIncomeNet": "None",
      "netInterestIncome": "None",
      "interestIncome": "None",
      "interestExpense": "36000000",
      "nonInterestIncome": "None",
      "otherNonOperatingIncome": "354000000",
      "depreciation": "None",
      "depreciationAndAmortization": "2026000000",
      "incomeBeforeTax": "8018000000",
      "incomeTaxExpense": "11038000000",
      "interestAndDebtExpense": "None",
      "netIncomeFromContinuingOperations": "-3020000000",
      "comprehensiveIncomeNetOfTax": "None",
      "ebit": "8054000000",
      "ebitda": "10080000000",
      "netIncome": "-3020000000"
    },
    {
      "fiscalDateEnding": "2017-09-30",
      "reportedCurrency": "USD",
      "grossProfit": "16624000000",
      "totalRevenue": "27772000000",
      "costOfRevenue": "11148000000",
      "costofGoodsAndServicesSold": "11148000000",
      "operatingIncome": "7782000000",
      "sellingGeneralAndAdministrative": "1595000000",
      "researchAndDevelopment": "4205000000",
      "operatingExpenses": "8842000000",
      "investmentIncomeNet": "None",
      "netInterestIncome": "None",
      "interestIncome": "None",
      "interestExpense": "27000000",
      "nonInterestIncome": "None",
      "otherNonOperatingIncome": "197000000",
      "depreciation": "None",
      "depreciationAndAmortization": "1761000000",
      "incomeBeforeTax": "7979000000",
      "incomeTaxExpense": "1247000000",
      "interestAndDebtExpense": "None",
      "netIncomeFromContinuingOperations": "6732000000",
      "comprehensiveIncomeNetOfTax": "None",
      "ebit": "8006000000",
      "ebitda": "9767000000",
      "netIncome": "6732000000"
    },
    {
      "fiscalDateEnding": "2017-06-30",
      "reportedCurrency": "USD",
      "grossProfit": "15637000000",
      "totalRevenue": "26010000000",
      "costOfRevenue": "10373000000",
      "costofGoodsAndServicesSold": "10373000000",
      "operatingIncome": "4132000000",
      "sellingGeneralAndAdministrative": "1700000000",
      "researchAndDevelopment": "4172000000",
      "operatingExpenses": "11505000000",
      "investmentIncomeNet": "None",
      "netInterestIncome": "None",
      "interestIncome": "None",
      "interestExpense": "21000000",
      "nonInterestIncome": "None",
      "otherNonOperatingIncome": "245000000",
      "depreciation": "None",
      "depreciationAndAmortization": "1625000000",
      "incomeBeforeTax": "4377000000",
      "incomeTaxExpense": "853000000",
      "interestAndDebtExpense": "None",
      "netIncomeFromContinuingOperations": "3524000000",
      "comprehensiveIncomeNetOfTax": "None",
      "ebit": "4398000000",
      "ebitda": "6023000000",
      "netIncome": "3524000000"
    },
    {
      "fiscalDateEnding": "2017-03-31",
      "reportedCurrency": "USD",
      "grossProfit": "14955000000",
      "totalRevenue": "24750000000",
      "costOfRevenue": "9795000000",
      "costofGoodsAndServicesSold": "9795000000",
      "operatingIncome": "6568000000",
      "sellingGeneralAndAdministrative": "1801000000",
      "researchAndDevelopment": "3942000000",
      "operatingExpenses": "8387000000",
      "investmentIncomeNet": "None",
      "netInterestIncome": "None",
      "interestIncome": "None",
      "interestExpense": "25000000",
      "nonInterestIncome": "None",
      "otherNonOperatingIncome": "251000000",
      "depreciation": "None",
      "depreciationAndAmortization": "1503000000",
      "incomeBeforeTax": "6819000000",
      "incomeTaxExpense": "1393000000",
      "interestAndDebtExpense": "None",
      "netIncomeFromContinuingOperations": "5426000000",
      "comprehensiveIncomeNetOfTax": "None",
      "ebit": "6844000000",
      "ebitda": "8347000000",
      "netIncome": "5426000000"
    },
    {
      "fiscalDateEnding": "2016-12-31",
      "reportedCurrency": "USD",
      "grossProfit": "15403000000",
      "totalRevenue": "26064000000",
      "costOfRevenue": "10661000000",
      "costofGoodsAndServicesSold": "10661000000",
      "operatingIncome": "6639000000",
      "sellingGeneralAndAdministrative": "2024000000",
      "researchAndDevelopment": "3622000000",
      "operatingExpenses": "8764000000",
      "investmentIncomeNet": "None",
      "netInterestIncome": "None",
      "interestIncome": "None",
      "interestExpense": "33000000",
      "nonInterestIncome": "None",
      "otherNonOperatingIncome": "218000000",
      "depreciation": "None",
      "depreciationAndAmortization": "1687000000",
      "incomeBeforeTax": "6857000000",
      "incomeTaxExpense": "1524000000",
      "interestAndDebtExpense": "None",
      "netIncomeFromContinuingOperations": "5333000000",
      "comprehensiveIncomeNetOfTax": "None",
      "ebit": "6890000000",
      "ebitda": "8577000000",
      "netIncome": "5333000000"
    },
    {
      "fiscalDateEnding": "2016-09-30",
      "reportedCurrency": "USD",
      "grossProfit": "13752000000",
      "totalRevenue": "22451000000",
      "costOfRevenue": "8699000000",
      "costofGoodsAndServicesSold": "8699000000",
      "operatingIncome": "5767000000",
      "sellingGeneralAndAdministrative": "1824000000",
      "researchAndDevelopment": "3596000000",
      "operatingExpenses": "7985000000",
      "investmentIncomeNet": "None",
      "netInterestIncome": "None",
      "interestIncome": "None",
      "interestExpense": "29000000",
      "nonInterestIncome": "None",
      "otherNonOperatingIncome": "278000000",
      "depreciation": "None",
      "depreciationAndAmortization": "1596000000",
      "incomeBeforeTax": "6045000000",
      "incomeTaxExpense": "984000000",
      "interestAndDebtExpense": "None",
      "netIncomeFromContinuingOperations": "5061000000",
      "comprehensiveIncomeNetOfTax": "None",
      "ebit": "6074000000",
      "ebitda": "7670000000",
      "netIncome": "5061000000"
    },
    {
      "fiscalDateEnding": "2016-06-30",
      "reportedCurrency": "USD",
      "grossProfit": "13370000000",
      "totalRevenue": "21500000000",
      "costOfRevenue": "8130000000",
      "costofGoodsAndServicesSold": "8130000000",
      "operatingIncome": "5968000000",
      "sellingGeneralAndAdministrative": "1624000000",
      "researchAndDevelopment": "3363000000",
      "operatingExpenses": "7402000000",
      "investmentIncomeNet": "None",
      "netInterestIncome": "None",
      "interestIncome": "None",
      "interestExpense": "32000000",
      "nonInterestIncome": "None",
      "otherNonOperatingIncome": "151000000",
      "depreciation": "None",
      "depreciationAndAmortization": "1490000000",
      "incomeBeforeTax": "6119000000",
      "incomeTaxExpense": "1242000000",
      "interestAndDebtExpense": "None",
      "netIncomeFromContinuingOperations": "4877000000",
      "comprehensiveIncomeNetOfTax": "None",
      "ebit": "6151000000",
      "ebitda": "7641000000",
      "netIncome": "4877000000"
    },
    {
      "fiscalDateEnding": "2016-03-31",
      "reportedCurrency": "USD",
      "grossProfit": "12609000000",
      "totalRevenue": "20257000000",
      "costOfRevenue": "7648000000",
      "costofGoodsAndServicesSold": "7648000000",
      "operatingIncome": "5342000000",
      "sellingGeneralAndAdministrative": "1513000000",
      "researchAndDevelopment": "3367000000",
      "operatingExpenses": "7267000000",
      "investmentIncomeNet": "None",
      "netInterestIncome": "None",
      "interestIncome": "None",
      "interestExpense": "30000000",
      "nonInterestIncome": "None",
      "otherNonOperatingIncome": "-213000000",
      "depreciation": "None",
      "depreciationAndAmortization": "1371000000",
      "incomeBeforeTax": "5129000000",
      "incomeTaxExpense": "922000000",
      "interestAndDebtExpense": "None",
      "netIncomeFromContinuingOperations": "4207000000",
      "comprehensiveIncomeNetOfTax": "None",
      "ebit": "5159000000",
      "ebitda": "6530000000",
      "netIncome": "4207000000"
    },
    {
      "fiscalDateEnding": "2015-12-31",
      "reportedCurrency": "USD",
      "grossProfit": "13141000000",
      "totalRevenue": "21329000000",
      "costOfRevenue": "8188000000",
      "costofGoodsAndServicesSold": "8188000000",
      "operatingIncome": "5380000000",
      "sellingGeneralAndAdministrative": "1572000000",
      "researchAndDevelopment": "3510000000",
      "operatingExpenses": "7761000000",
      "investmentIncomeNet": "None",
      "netInterestIncome": "None",
      "interestIncome": "None",
      "interestExpense": "26000000",
      "nonInterestIncome": "None",
      "otherNonOperatingIncome": "None",
      "depreciation": "None",
      "depreciationAndAmortization": "1404000000",
      "incomeBeforeTax": "5200000000",
      "incomeTaxExpense": "277000000",
      "interestAndDebtExpense": "None",
      "netIncomeFromContinuingOperations": "None",
      "comprehensiveIncomeNetOfTax": "None",
      "ebit": "5226000000",
      "ebitda": "6630000000",
      "netIncome": "4923000000"
    },
    {
      "fiscalDateEnding": "2015-09-30",
      "reportedCurrency": "USD",
      "grossProfit": "11638000000",
      "totalRevenue": "18675000000",
      "costOfRevenue": "7037000000",
      "costofGoodsAndServicesSold": "7037000000",
      "operatingIncome": "4708000000",
      "sellingGeneralAndAdministrative": "1477000000",
      "researchAndDevelopment": "3230000000",
      "operatingExpenses": "6930000000",
      "investmentIncomeNet": "None",
      "netInterestIncome": "None",
      "interestIncome": "None",
      "interestExpense": "26000000",
      "nonInterestIncome": "None",
      "otherNonOperatingIncome": "183000000",
      "depreciation": "None",
      "depreciationAndAmortization": "1248000000",
      "incomeBeforeTax": "4891000000",
      "incomeTaxExpense": "912000000",
      "interestAndDebtExpense": "None",
      "netIncomeFromContinuingOperations": "3979000000",
      "comprehensiveIncomeNetOfTax": "None",
      "ebit": "4917000000",
      "ebitda": "6165000000",
      "netIncome": "3979000000"
    },
    {
      "fiscalDateEnding": "2015-06-30",
      "reportedCurrency": "USD",
      "grossProfit": "11144000000",
      "totalRevenue": "17727000000",
      "costOfRevenue": "6583000000",
      "costofGoodsAndServicesSold": "6583000000",
      "operatingIncome": "4825000000",
      "sellingGeneralAndAdministrative": "1450000000",
      "researchAndDevelopment": "2789000000",
      "operatingExpenses": "6319000000",
      "investmentIncomeNet": "None",
      "netInterestIncome": "None",
      "interestIncome": "None",
      "interestExpense": "26000000",
      "nonInterestIncome": "None",
      "otherNonOperatingIncome": "None",
      "depreciation": "None",
      "depreciationAndAmortization": "1234000000",
      "incomeBeforeTax": "4956000000",
      "incomeTaxExpense": "1025000000",
      "interestAndDebtExpense": "None",
      "netIncomeFromContinuingOperations": "None",
      "comprehensiveIncomeNetOfTax": "None",
      "ebit": "4982000000",
      "ebitda": "6216000000",
      "netIncome": "3931000000"
    },
    {
      "fiscalDateEnding": "2015-03-31",
      "reportedCurrency": "USD",
      "grossProfit": "10902000000",
      "totalRevenue": "17258000000",
      "costOfRevenue": "6356000000",
      "costofGoodsAndServicesSold": "6356000000",
      "operatingIncome": "4447000000",
      "sellingGeneralAndAdministrative": "1637000000",
      "researchAndDevelopment": "2753000000",
      "operatingExpenses": "6455000000",
      "investmentIncomeNet": "None",
      "netInterestIncome": "None",
      "interestIncome": "None",
      "interestExpense": "26000000",
      "nonInterestIncome": "None",
      "otherNonOperatingIncome": "None",
      "depreciation": "None",
      "depreciationAndAmortization": "1177000000",
      "incomeBeforeTax": "4604000000",
      "incomeTaxExpense": "1089000000",
      "interestAndDebtExpense": "None",
      "netIncomeFromContinuingOperations": "None",
      "comprehensiveIncomeNetOfTax": "None",
      "ebit": "4630000000",
      "ebitda": "5807000000",
      "netIncome": "3515000000"
    },
    {
      "fiscalDateEnding": "2014-12-31",
      "reportedCurrency": "USD",
      "grossProfit": "11182000000",
      "totalRevenue": "18103000000",
      "costOfRevenue": "6921000000",
      "costofGoodsAndServicesSold": "6921000000",
      "operatingIncome": "4399000000",
      "sellingGeneralAndAdministrative": "1593000000",
      "researchAndDevelopment": "2813000000",
      "operatingExpenses": "6783000000",
      "investmentIncomeNet": "None",
      "netInterestIncome": "None",
      "interestIncome": "None",
      "interestExpense": "25000000",
      "nonInterestIncome": "None",
      "otherNonOperatingIncome": "None",
      "depreciation": "None",
      "depreciationAndAmortization": "1267000000",
      "incomeBeforeTax": "4527000000",
      "incomeTaxExpense": "737000000",
      "interestAndDebtExpense": "None",
      "netIncomeFromContinuingOperations": "None",
      "comprehensiveIncomeNetOfTax": "None",
      "ebit": "4552000000",
      "ebitda": "5819000000",
      "netIncome": "4757000000"
    },
    {
      "fiscalDateEnding": "2014-09-30",
      "reportedCurrency": "USD",
      "grossProfit": "9828000000",
      "totalRevenue": "16523000000",
      "costOfRevenue": "6695000000",
      "costofGoodsAndServicesSold": "6695000000",
      "operatingIncome": "3724000000",
      "sellingGeneralAndAdministrative": "1365000000",
      "researchAndDevelopment": "2655000000",
      "operatingExpenses": "6104000000",
      "investmentIncomeNet": "None",
      "netInterestIncome": "None",
      "interestIncome": "None",
      "interestExpense": "25000000",
      "nonInterestIncome": "None",
      "otherNonOperatingIncome": "None",
      "depreciation": "None",
      "depreciationAndAmortization": "1547000000",
      "incomeBeforeTax": "3857000000",
      "incomeTaxExpense": "933000000",
      "interestAndDebtExpense": "None",
      "netIncomeFromContinuingOperations": "None",
      "comprehensiveIncomeNetOfTax": "None",
      "ebit": "3882000000",
      "ebitda": "5429000000",
      "netIncome": "2739000000"
    },
    {
      "fiscalDateEnding": "2014-06-30",
      "reportedCurrency": "USD",
      "grossProfit": "9841000000",
      "totalRevenue": "15955000000",
      "costOfRevenue": "6114000000",
      "costofGoodsAndServicesSold": "6114000000",
      "operatingIncome": "4258000000",
      "sellingGeneralAndAdministrative": "1404000000",
      "researchAndDevelopment": "2238000000",
      "operatingExpenses": "5583000000",
      "investmentIncomeNet": "None",
      "netInterestIncome": "None",
      "interestIncome": "None",
      "interestExpense": "27000000",
      "nonInterestIncome": "None",
      "otherNonOperatingIncome": "None",
      "depreciation": "None",
      "depreciationAndAmortization": "1079000000",
      "incomeBeforeTax": "4403000000",
      "incomeTaxExpense": "984000000",
      "interestAndDebtExpense": "None",
      "netIncomeFromContinuingOperations": "None",
      "comprehensiveIncomeNetOfTax": "None",
      "ebit": "4430000000",
      "ebitda": "5509000000",
      "netIncome": "3351000000"
    },
    {
      "fiscalDateEnding": "2014-03-31",
      "reportedCurrency": "USD",
      "grossProfit": "9459000000",
      "totalRevenue": "15420000000",
      "costOfRevenue": "5961000000",
      "costofGoodsAndServicesSold": "5961000000",
      "operatingIncome": "4115000000",
      "sellingGeneralAndAdministrative": "1489000000",
      "researchAndDevelopment": "2126000000",
      "operatingExpenses": "5344000000",
      "investmentIncomeNet": "None",
      "netInterestIncome": "None",
      "interestIncome": "None",
      "interestExpense": "24000000",
      "nonInterestIncome": "None",
      "otherNonOperatingIncome": "None",
      "depreciation": "None",
      "depreciationAndAmortization": "1086000000",
      "incomeBeforeTax": "4472000000",
      "incomeTaxExpense": "822000000",
      "interestAndDebtExpense": "None",
      "netIncomeFromContinuingOperations": "None",
      "comprehensiveIncomeNetOfTax": "None",
      "ebit": "4496000000",
      "ebitda": "5582000000",
      "netIncome": "3452000000"
    },
    {
      "fiscalDateEnding": "2013-12-31",
      "reportedCurrency": "USD",
      "grossProfit": "9420000000",
      "totalRevenue": "16858000000",
      "costOfRevenue": "7438000000",
      "costofGoodsAndServicesSold": "7438000000",
      "operatingIncome": "3922000000",
      "sellingGeneralAndAdministrative": "1261000000",
      "researchAndDevelopment": "2111000000",
      "operatingExpenses": "5498000000",
      "investmentIncomeNet": "None",
      "netInterestIncome": "None",
      "interestIncome": "None",
      "interestExpense": "21000000",
      "nonInterestIncome": "None",
      "otherNonOperatingIncome": "None",
      "depreciation": "None",
      "depreciationAndAmortization": "1036000000",
      "incomeBeforeTax": "4047000000",
      "incomeTaxExpense": "666000000",
      "interestAndDebtExpense": "None",
      "netIncomeFromContinuingOperations": "None",
      "comprehensiveIncomeNetOfTax": "None",
      "ebit": "4068000000",
      "ebitda": "5104000000",
      "netIncome": "3376000000"
    },
    {
      "fiscalDateEnding": "2013-09-30",
      "reportedCurrency": "USD",
      "grossProfit": "8345000000",
      "totalRevenue": "13754000000",
      "costOfRevenue": "5409000000",
      "costofGoodsAndServicesSold": "5409000000",
      "operatingIncome": "3761000000",
      "sellingGeneralAndAdministrative": "1135000000",
      "researchAndDevelopment": "1821000000",
      "operatingExpenses": "4584000000",
      "investmentIncomeNet": "None",
      "netInterestIncome": "None",
      "interestIncome": "None",
      "interestExpense": "19000000",
      "nonInterestIncome": "None",
      "otherNonOperatingIncome": "None",
      "depreciation": "None",
      "depreciationAndAmortization": "974000000",
      "incomeBeforeTax": "3775000000",
      "incomeTaxExpense": "612000000",
      "interestAndDebtExpense": "None",
      "netIncomeFromContinuingOperations": "None",
      "comprehensiveIncomeNetOfTax": "None",
      "ebit": "3794000000",
      "ebitda": "4768000000",
      "netIncome": "2970000000"
    },
    {
      "fiscalDateEnding": "2013-06-30",
      "reportedCurrency": "USD",
      "grossProfit": "7912000000",
      "totalRevenue": "13107000000",
      "costOfRevenue": "5195000000",
      "costofGoodsAndServicesSold": "5195000000",
      "operatingIncome": "3465000000",
      "sellingGeneralAndAdministrative": "1098000000",
      "researchAndDevelopment": "1766000000",
      "operatingExpenses": "4447000000",
      "investmentIncomeNet": "None",
      "netInterestIncome": "None",
      "interestIncome": "None",
      "interestExpense": "19000000",
      "nonInterestIncome": "None",
      "otherNonOperatingIncome": "None",
      "depreciation": "None",
      "depreciationAndAmortization": "1030000000",
      "incomeBeforeTax": "3701000000",
      "incomeTaxExpense": "927000000",
      "interestAndDebtExpense": "None",
      "netIncomeFromContinuingOperations": "None",
      "comprehensiveIncomeNetOfTax": "None",
      "ebit": "3720000000",
      "ebitda": "4750000000",
      "netIncome": "3228000000"
    },
    {
      "fiscalDateEnding": "2013-03-31",
      "reportedCurrency": "USD",
      "grossProfit": "7815000000",
      "totalRevenue": "12951000000",
      "costOfRevenue": "5136000000",
      "costofGoodsAndServicesSold": "5136000000",
      "operatingIncome": "3748000000",
      "sellingGeneralAndAdministrative": "1015000000",
      "researchAndDevelopment": "1617000000",
      "operatingExpenses": "4067000000",
      "investmentIncomeNet": "None",
      "netInterestIncome": "None",
      "interestIncome": "None",
      "interestExpense": "21000000",
      "nonInterestIncome": "None",
      "otherNonOperatingIncome": "None",
      "depreciation": "None",
      "depreciationAndAmortization": "899000000",
      "incomeBeforeTax": "3882000000",
      "incomeTaxExpense": "354000000",
      "interestAndDebtExpense": "None",
      "netIncomeFromContinuingOperations": "None",
      "comprehensiveIncomeNetOfTax": "None",
      "ebit": "3903000000",
      "ebitda": "4802000000",
      "netIncome": "3346000000"
    },
    {
      "fiscalDateEnding": "2012-12-31",
      "reportedCurrency": "USD",
      "grossProfit": "7937000000",
      "totalRevenue": "13215000000",
      "costOfRevenue": "5278000000",
      "costofGoodsAndServicesSold": "5278000000",
      "operatingIncome": "3432000000",
      "sellingGeneralAndAdministrative": "1066000000",
      "researchAndDevelopment": "1758000000",
      "operatingExpenses": "4505000000",
      "investmentIncomeNet": "None",
      "netInterestIncome": "None",
      "interestIncome": "None",
      "interestExpense": "21000000",
      "nonInterestIncome": "None",
      "otherNonOperatingIncome": "None",
      "depreciation": "None",
      "depreciationAndAmortization": "953000000",
      "incomeBeforeTax": "3585000000",
      "incomeTaxExpense": "648000000",
      "interestAndDebtExpense": "None",
      "netIncomeFromContinuingOperations": "None",
      "comprehensiveIncomeNetOfTax": "None",
      "ebit": "3606000000",
      "ebitda": "4559000000",
      "netIncome": "2886000000"
    },
    {
      "fiscalDateEnding": "2012-09-30",
      "reportedCurrency": "USD",
      "grossProfit": "7349000000",
      "totalRevenue": "13304000000",
      "costOfRevenue": "5955000000",
      "costofGoodsAndServicesSold": "5955000000",
      "operatingIncome": "2740000000",
      "sellingGeneralAndAdministrative": "1020000000",
      "researchAndDevelopment": "1879000000",
      "operatingExpenses": "4609000000",
      "investmentIncomeNet": "None",
      "netInterestIncome": "None",
      "interestIncome": "None",
      "interestExpense": "21000000",
      "nonInterestIncome": "None",
      "otherNonOperatingIncome": "None",
      "depreciation": "None",
      "depreciationAndAmortization": "828000000",
      "incomeBeforeTax": "2805000000",
      "incomeTaxExpense": "647000000",
      "interestAndDebtExpense": "None",
      "netIncomeFromContinuingOperations": "None",
      "comprehensiveIncomeNetOfTax": "None",
      "ebit": "2826000000",
      "ebitda": "3654000000",
      "netIncome": "2176000000"
    },
    {
      "fiscalDateEnding": "2012-06-30",
      "reportedCurrency": "USD",
      "grossProfit": "7130000000",
      "totalRevenue": "11807000000",
      "costOfRevenue": "4677000000",
      "costofGoodsAndServicesSold": "4677000000",
      "operatingIncome": "3237000000",
      "sellingGeneralAndAdministrative": "942000000",
      "researchAndDevelopment": "1538000000",
      "operatingExpenses": "3893000000",
      "investmentIncomeNet": "None",
      "netInterestIncome": "None",
      "interestIncome": "None",
      "interestExpense": "22000000",
      "nonInterestIncome": "None",
      "otherNonOperatingIncome": "None",
      "depreciation": "None",
      "depreciationAndAmortization": "670000000",
      "incomeBeforeTax": "3490000000",
      "incomeTaxExpense": "657000000",
      "interestAndDebtExpense": "None",
      "netIncomeFromContinuingOperations": "None",
      "comprehensiveIncomeNetOfTax": "None",
      "ebit": "3512000000",
      "ebitda": "4182000000",
      "netIncome": "2785000000"
    },
    {
      "fiscalDateEnding": "2012-03-31",
      "reportedCurrency": "USD",
      "grossProfit": "6856000000",
      "totalRevenue": "10645000000",
      "costOfRevenue": "3789000000",
      "costofGoodsAndServicesSold": "3789000000",
      "operatingIncome": "3389000000",
      "sellingGeneralAndAdministrative": "757000000",
      "researchAndDevelopment": "1441000000",
      "operatingExpenses": "3467000000",
      "investmentIncomeNet": "None",
      "netInterestIncome": "None",
      "interestIncome": "None",
      "interestExpense": "20000000",
      "nonInterestIncome": "None",
      "otherNonOperatingIncome": "None",
      "depreciation": "None",
      "depreciationAndAmortization": "511000000",
      "incomeBeforeTax": "3545000000",
      "incomeTaxExpense": "655000000",
      "interestAndDebtExpense": "None",
      "netIncomeFromContinuingOperations": "None",
      "comprehensiveIncomeNetOfTax": "None",
      "ebit": "3565000000",
      "ebitda": "4076000000",
      "netIncome": "2890000000"
    },
    {
      "fiscalDateEnding": "2011-12-31",
      "reportedCurrency": "USD",
      "grossProfit": "6880000000",
      "totalRevenue": "10583000000",
      "costOfRevenue": "3703000000",
      "costofGoodsAndServicesSold": "3703000000",
      "operatingIncome": "3507000000",
      "sellingGeneralAndAdministrative": "805000000",
      "researchAndDevelopment": "1301000000",
      "operatingExpenses": "3373000000",
      "investmentIncomeNet": "None",
      "netInterestIncome": "None",
      "interestIncome": "None",
      "interestExpense": "20000000",
      "nonInterestIncome": "None",
      "otherNonOperatingIncome": "None",
      "depreciation": "None",
      "depreciationAndAmortization": "503000000",
      "incomeBeforeTax": "3489000000",
      "incomeTaxExpense": "785000000",
      "interestAndDebtExpense": "None",
      "netIncomeFromContinuingOperations": "None",
      "comprehensiveIncomeNetOfTax": "None",
      "ebit": "3509000000",
      "ebitda": "4012000000",
      "netIncome": "2704000000"
    },
    {
      "fiscalDateEnding": "2011-09-30",
      "reportedCurrency": "USD",
      "grossProfit": "6342000000",
      "totalRevenue": "9720000000",
      "costOfRevenue": "3378000000",
      "costofGoodsAndServicesSold": "3378000000",
      "operatingIncome": "3058000000",
      "sellingGeneralAndAdministrative": "676000000",
      "researchAndDevelopment": "1404000000",
      "operatingExpenses": "3284000000",
      "investmentIncomeNet": "None",
      "netInterestIncome": "None",
      "interestIncome": "None",
      "interestExpense": "21000000",
      "nonInterestIncome": "None",
      "otherNonOperatingIncome": "None",
      "depreciation": "None",
      "depreciationAndAmortization": "492000000",
      "incomeBeforeTax": "3360000000",
      "incomeTaxExpense": "631000000",
      "interestAndDebtExpense": "None",
      "netIncomeFromContinuingOperations": "None",
      "comprehensiveIncomeNetOfTax": "None",
      "ebit": "3381000000",
      "ebitda": "3873000000",
      "netIncome": "2729000000"
    },
    {
      "fiscalDateEnding": "2011-06-30",
      "reportedCurrency": "USD",
      "grossProfit": "5854000000",
      "totalRevenue": "9026000000",
      "costOfRevenue": "3172000000",
      "costofGoodsAndServicesSold": "3172000000",
      "operatingIncome": "2881000000",
      "sellingGeneralAndAdministrative": "648000000",
      "researchAndDevelopment": "1234000000",
      "operatingExpenses": "2973000000",
      "investmentIncomeNet": "None",
      "netInterestIncome": "None",
      "interestIncome": "None",
      "interestExpense": "13000000",
      "nonInterestIncome": "None",
      "otherNonOperatingIncome": "None",
      "depreciation": "None",
      "depreciationAndAmortization": "455000000",
      "incomeBeforeTax": "3085000000",
      "incomeTaxExpense": "580000000",
      "interestAndDebtExpense": "None",
      "netIncomeFromContinuingOperations": "None",
      "comprehensiveIncomeNetOfTax": "None",
      "ebit": "3098000000",
      "ebitda": "3553000000",
      "netIncome": "2505000000"
    },
    {
      "fiscalDateEnding": "2011-03-31",
      "reportedCurrency": "USD",
      "grossProfit": "5639000000",
      "totalRevenue": "8575000000",
      "costOfRevenue": "2936000000",
      "costofGoodsAndServicesSold": "2936000000",
      "operatingIncome": "2296000000",
      "sellingGeneralAndAdministrative": "591000000",
      "researchAndDevelopment": "1226000000",
      "operatingExpenses": "3343000000",
      "investmentIncomeNet": "None",
      "netInterestIncome": "None",
      "interestIncome": "None",
      "interestExpense": "4000000",
      "nonInterestIncome": "None",
      "otherNonOperatingIncome": "None",
      "depreciation": "None",
      "depreciationAndAmortization": "401000000",
      "incomeBeforeTax": "2392000000",
      "incomeTaxExpense": "594000000",
      "interestAndDebtExpense": "None",
      "netIncomeFromContinuingOperations": "None",
      "comprehensiveIncomeNetOfTax": "None",
      "ebit": "2396000000",
      "ebitda": "2797000000",
      "netIncome": "1798000000"
    },
    {
      "fiscalDateEnding": "2010-12-31",
      "reportedCurrency": "USD",
      "grossProfit": "5494000000",
      "totalRevenue": "8440000000",
      "costOfRevenue": "2946000000",
      "costofGoodsAndServicesSold": "2946000000",
      "operatingIncome": "2982000000",
      "sellingGeneralAndAdministrative": "559000000",
      "researchAndDevelopment": "1051000000",
      "operatingExpenses": "2512000000",
      "investmentIncomeNet": "None",
      "netInterestIncome": "None",
      "interestIncome": "None",
      "interestExpense": "176000000",
      "nonInterestIncome": "None",
      "otherNonOperatingIncome": "None",
      "depreciation": "None",
      "depreciationAndAmortization": "381000000",
      "incomeBeforeTax": "3142000000",
      "incomeTaxExpense": "599000000",
      "interestAndDebtExpense": "None",
      "netIncomeFromContinuingOperations": "None",
      "comprehensiveIncomeNetOfTax": "None",
      "ebit": "2982000000",
      "ebitda": "3363000000",
      "netIncome": "2543000000"
    },
    {
      "fiscalDateEnding": "2010-09-30",
      "reportedCurrency": "USD",
      "grossProfit": "4734000000",
      "totalRevenue": "7286000000",
      "costOfRevenue": "2552000000",
      "costofGoodsAndServicesSold": "2552000000",
      "operatingIncome": "2547000000",
      "sellingGeneralAndAdministrative": "532000000",
      "researchAndDevelopment": "994000000",
      "operatingExpenses": "2187000000",
      "investmentIncomeNet": "None",
      "netInterestIncome": "None",
      "interestIncome": "None",
      "interestExpense": "172000000",
      "nonInterestIncome": "None",
      "otherNonOperatingIncome": "None",
      "depreciation": "None",
      "depreciationAndAmortization": "342000000",
      "incomeBeforeTax": "2714000000",
      "incomeTaxExpense": "547000000",
      "interestAndDebtExpense": "None",
      "netIncomeFromContinuingOperations": "None",
      "comprehensiveIncomeNetOfTax": "None",
      "ebit": "2714000000",
      "ebitda": "3056000000",
      "netIncome": "2167000000"
    },
    {
      "fiscalDateEnding": "2010-06-30",
      "reportedCurrency": "USD",
      "grossProfit": "4353000000",
      "totalRevenue": "6820000000",
      "costOfRevenue": "2467000000",
      "costofGoodsAndServicesSold": "2467000000",
      "operatingIncome": "2365000000",
      "sellingGeneralAndAdministrative": "461000000",
      "researchAndDevelopment": "898000000",
      "operatingExpenses": "1988000000",
      "investmentIncomeNet": "None",
      "netInterestIncome": "None",
      "interestIncome": "None",
      "interestExpense": "136000000",
      "nonInterestIncome": "None",
      "otherNonOperatingIncome": "None",
      "depreciation": "None",
      "depreciationAndAmortization": "342000000",
      "incomeBeforeTax": "2434000000",
      "incomeTaxExpense": "594000000",
      "interestAndDebtExpense": "None",
      "netIncomeFromContinuingOperations": "None",
      "comprehensiveIncomeNetOfTax": "None",
      "ebit": "2365000000",
      "ebitda": "2707000000",
      "netIncome": "1840000000"
    },
    {
      "fiscalDateEnding": "2010-03-31",
      "reportedCurrency": "USD",
      "grossProfit": "4323000000",
      "totalRevenue": "6775000000",
      "costOfRevenue": "2452000000",
      "costofGoodsAndServicesSold": "2452000000",
      "operatingIncome": "2488000000",
      "sellingGeneralAndAdministrative": "410000000",
      "researchAndDevelopment": "818000000",
      "operatingExpenses": "1835000000",
      "investmentIncomeNet": "None",
      "netInterestIncome": "None",
      "interestIncome": "None",
      "interestExpense": "95000000",
      "nonInterestIncome": "None",
      "otherNonOperatingIncome": "None",
      "depreciation": "None",
      "depreciationAndAmortization": "331000000",
      "incomeBeforeTax": "2506000000",
      "incomeTaxExpense": "551000000",
      "interestAndDebtExpense": "None",
      "netIncomeFromContinuingOperations": "None",
      "comprehensiveIncomeNetOfTax": "None",
      "ebit": "2488000000",
      "ebitda": "2819000000",
      "netIncome": "1955000000"
    },
    {
      "fiscalDateEnding": "2009-12-31",
      "reportedCurrency": "USD",
      "grossProfit": "4265463000",
      "totalRevenue": "6673863000",
      "costOfRevenue": "2408400000",
      "costofGoodsAndServicesSold": "2408400000",
      "operatingIncome": "2480983000",
      "sellingGeneralAndAdministrative": "465059000",
      "researchAndDevelopment": "736234000",
      "operatingExpenses": "1784480000",
      "investmentIncomeNet": "None",
      "netInterestIncome": "None",
      "interestIncome": "None",
      "interestExpense": "66862000",
      "nonInterestIncome": "None",
      "otherNonOperatingIncome": "None",
      "depreciation": "None",
      "depreciationAndAmortization": "365506000",
      "incomeBeforeTax": "2568671000",
      "incomeTaxExpense": "594571000",
      "interestAndDebtExpense": "None",
      "netIncomeFromContinuingOperations": "None",
      "comprehensiveIncomeNetOfTax": "None",
      "ebit": "2481021000",
      "ebitda": "2846527000",
      "netIncome": "1974100000"
    },
    {
      "fiscalDateEnding": "2009-09-30",
      "reportedCurrency": "USD",
      "grossProfit": "3719000000",
      "totalRevenue": "5945000000",
      "costOfRevenue": "2226000000",
      "costofGoodsAndServicesSold": "2226000000",
      "operatingIncome": "2074000000",
      "sellingGeneralAndAdministrative": "389000000",
      "researchAndDevelopment": "758000000",
      "operatingExpenses": "1645000000",
      "investmentIncomeNet": "None",
      "netInterestIncome": "None",
      "interestIncome": "None",
      "interestExpense": "46702000",
      "nonInterestIncome": "None",
      "otherNonOperatingIncome": "None",
      "depreciation": "None",
      "depreciationAndAmortization": "379000000",
      "incomeBeforeTax": "2067000000",
      "incomeTaxExpense": "428000000",
      "interestAndDebtExpense": "None",
      "netIncomeFromContinuingOperations": "None",
      "comprehensiveIncomeNetOfTax": "None",
      "ebit": "2074000000",
      "ebitda": "2453000000",
      "netIncome": "1639000000"
    },
    {
      "fiscalDateEnding": "2009-06-30",
      "reportedCurrency": "USD",
      "grossProfit": "3415000000",
      "totalRevenue": "5523000000",
      "costOfRevenue": "2108000000",
      "costofGoodsAndServicesSold": "2108000000",
      "operatingIncome": "1874000000",
      "sellingGeneralAndAdministrative": "364000000",
      "researchAndDevelopment": "708000000",
      "operatingExpenses": "1541000000",
      "investmentIncomeNet": "None",
      "netInterestIncome": "None",
      "interestIncome": "None",
      "interestExpense": "50017000",
      "nonInterestIncome": "None",
      "otherNonOperatingIncome": "None",
      "depreciation": "None",
      "depreciationAndAmortization": "377000000",
      "incomeBeforeTax": "1856000000",
      "incomeTaxExpense": "371000000",
      "interestAndDebtExpense": "None",
      "netIncomeFromContinuingOperations": "None",
      "comprehensiveIncomeNetOfTax": "None",
      "ebit": "1874000000",
      "ebitda": "2251000000",
      "netIncome": "1485000000"
    },
    {
      "fiscalDateEnding": "2009-03-31",
      "reportedCurrency": "USD",
      "grossProfit": "3407000000",
      "totalRevenue": "5509000000",
      "costOfRevenue": "2102000000",
      "costofGoodsAndServicesSold": "2102000000",
      "operatingIncome": "1884000000",
      "sellingGeneralAndAdministrative": "447000000",
      "researchAndDevelopment": "642000000",
      "operatingExpenses": "1523000000",
      "investmentIncomeNet": "None",
      "netInterestIncome": "None",
      "interestIncome": "None",
      "interestExpense": "66092000",
      "nonInterestIncome": "None",
      "otherNonOperatingIncome": "None",
      "depreciation": "None",
      "depreciationAndAmortization": "403000000",
      "incomeBeforeTax": "1890000000",
      "incomeTaxExpense": "467000000",
      "interestAndDebtExpense": "None",
      "netIncomeFromContinuingOperations": "None",
      "comprehensiveIncomeNetOfTax": "None",
      "ebit": "1884000000",
      "ebitda": "2287000000",
      "netIncome": "1423000000"
    },
    {
      "fiscalDateEnding": "2008-12-31",
      "reportedCurrency": "USD",
      "grossProfit": "3510945000",
      "totalRevenue": "5700950000",
      "costOfRevenue": "2190005000",
      "costofGoodsAndServicesSold": "2190005000",
      "operatingIncome": "1860205000",
      "sellingGeneralAndAdministrative": "411361000",
      "researchAndDevelopment": "733341000",
      "operatingExpenses": "1650740000",
      "investmentIncomeNet": "None",
      "netInterestIncome": "None",
      "interestIncome": "None",
      "interestExpense": "88447000",
      "nonInterestIncome": "None",
      "otherNonOperatingIncome": "None",
      "depreciation": "None",
      "depreciationAndAmortization": "385510000",
      "incomeBeforeTax": "835347000",
      "incomeTaxExpense": "452905000",
      "interestAndDebtExpense": "None",
      "netIncomeFromContinuingOperations": "None",
      "comprehensiveIncomeNetOfTax": "None",
      "ebit": "1860251000",
      "ebitda": "2245761000",
      "netIncome": "382442000"
    },
    {
      "fiscalDateEnding": "2008-09-30",
      "reportedCurrency": "USD",
      "grossProfit": "3368010000",
      "totalRevenue": "5541400000",
      "costOfRevenue": "2173390000",
      "costofGoodsAndServicesSold": "2173390000",
      "operatingIncome": "1647565000",
      "sellingGeneralAndAdministrative": "507064000",
      "researchAndDevelopment": "704571000",
      "operatingExpenses": "1720445000",
      "investmentIncomeNet": "None",
      "netInterestIncome": "None",
      "interestIncome": "None",
      "interestExpense": "90996000",
      "nonInterestIncome": "None",
      "otherNonOperatingIncome": "None",
      "depreciation": "None",
      "depreciationAndAmortization": "386246000",
      "incomeBeforeTax": "1668782000",
      "incomeTaxExpense": "378844000",
      "interestAndDebtExpense": "None",
      "netIncomeFromContinuingOperations": "None",
      "comprehensiveIncomeNetOfTax": "None",
      "ebit": "1647574000",
      "ebitda": "2033820000",
      "netIncome": "1289938000"
    },
    {
      "fiscalDateEnding": "2008-06-30",
      "reportedCurrency": "USD",
      "grossProfit": "3219625000",
      "totalRevenue": "5367200000",
      "costOfRevenue": "2147575000",
      "costofGoodsAndServicesSold": "2147575000",
      "operatingIncome": "1577965000",
      "sellingGeneralAndAdministrative": "474910000",
      "researchAndDevelopment": "682210000",
      "operatingExpenses": "1641660000",
      "investmentIncomeNet": "None",
      "netInterestIncome": "None",
      "interestIncome": "None",
      "interestExpense": "88086000",
      "nonInterestIncome": "None",
      "otherNonOperatingIncome": "None",
      "depreciation": "None",
      "depreciationAndAmortization": "391607000",
      "incomeBeforeTax": "1635888000",
      "incomeTaxExpense": "388497000",
      "interestAndDebtExpense": "None",
      "netIncomeFromContinuingOperations": "None",
      "comprehensiveIncomeNetOfTax": "None",
      "ebit": "1577953000",
      "ebitda": "1969560000",
      "netIncome": "1247391000"
    },
    {
      "fiscalDateEnding": "2008-03-31",
      "reportedCurrency": "USD",
      "grossProfit": "3075464000",
      "totalRevenue": "5186000000",
      "costOfRevenue": "2110536000",
      "costofGoodsAndServicesSold": "2110536000",
      "operatingIncome": "1546235000",
      "sellingGeneralAndAdministrative": "409305000",
      "researchAndDevelopment": "673069000",
      "operatingExpenses": "1529229000",
      "investmentIncomeNet": "None",
      "netInterestIncome": "None",
      "interestIncome": "None",
      "interestExpense": "387000",
      "nonInterestIncome": "None",
      "otherNonOperatingIncome": "None",
      "depreciation": "None",
      "depreciationAndAmortization": "336524000",
      "incomeBeforeTax": "1713578000",
      "incomeTaxExpense": "406492000",
      "interestAndDebtExpense": "None",
      "netIncomeFromContinuingOperations": "None",
      "comprehensiveIncomeNetOfTax": "None",
      "ebit": "1546192000",
      "ebitda": "1882716000",
      "netIncome": "1307086000"
    },
    {
      "fiscalDateEnding": "2007-12-31",
      "reportedCurrency": "USD",
      "grossProfit": "2870862000",
      "totalRevenue": "4826686000",
      "costOfRevenue": "1955824000",
      "costofGoodsAndServicesSold": "1955824000",
      "operatingIncome": "1440734000",
      "sellingGeneralAndAdministrative": "377048000",
      "researchAndDevelopment": "630783000",
      "operatingExpenses": "1430128000",
      "investmentIncomeNet": "None",
      "netInterestIncome": "None",
      "interestIncome": "None",
      "interestExpense": "171000",
      "nonInterestIncome": "None",
      "otherNonOperatingIncome": "None",
      "depreciation": "None",
      "depreciationAndAmortization": "289936000",
      "incomeBeforeTax": "1608027000",
      "incomeTaxExpense": "401578000",
      "interestAndDebtExpense": "None",
      "netIncomeFromContinuingOperations": "None",
      "comprehensiveIncomeNetOfTax": "None",
      "ebit": "1608198000",
      "ebitda": "1898134000",
      "netIncome": "1206449000"
    },
    {
      "fiscalDateEnding": "2007-09-30",
      "reportedCurrency": "USD",
      "grossProfit": "2568821000",
      "totalRevenue": "4231400000",
      "costOfRevenue": "1662579000",
      "costofGoodsAndServicesSold": "1662579000",
      "operatingIncome": "1317842000",
      "sellingGeneralAndAdministrative": "321398000",
      "researchAndDevelopment": "548712000",
      "operatingExpenses": "1250979000",
      "investmentIncomeNet": "None",
      "netInterestIncome": "None",
      "interestIncome": "None",
      "interestExpense": "446000",
      "nonInterestIncome": "None",
      "otherNonOperatingIncome": "None",
      "depreciation": "None",
      "depreciationAndAmortization": "249375000",
      "incomeBeforeTax": "1472270000",
      "incomeTaxExpense": "402281000",
      "interestAndDebtExpense": "None",
      "netIncomeFromContinuingOperations": "None",
      "comprehensiveIncomeNetOfTax": "None",
      "ebit": "1317891000",
      "ebitda": "1567266000",
      "netIncome": "1069989000"
    },
    {
      "fiscalDateEnding": "2007-06-30",
      "reportedCurrency": "USD",
      "grossProfit": "2311745000",
      "totalRevenue": "3872000000",
      "costOfRevenue": "1560255000",
      "costofGoodsAndServicesSold": "1560255000",
      "operatingIncome": "1104615000",
      "sellingGeneralAndAdministrative": "319405000",
      "researchAndDevelopment": "532106000",
      "operatingExpenses": "1207130000",
      "investmentIncomeNet": "None",
      "netInterestIncome": "None",
      "interestIncome": "None",
      "interestExpense": "244000",
      "nonInterestIncome": "None",
      "otherNonOperatingIncome": "None",
      "depreciation": "None",
      "depreciationAndAmortization": "223355000",
      "incomeBeforeTax": "1241745000",
      "incomeTaxExpense": "316625000",
      "interestAndDebtExpense": "None",
      "netIncomeFromContinuingOperations": "None",
      "comprehensiveIncomeNetOfTax": "None",
      "ebit": "1104630000",
      "ebitda": "1327985000",
      "netIncome": "925120000"
    },
    {
      "fiscalDateEnding": "2007-03-31",
      "reportedCurrency": "USD",
      "grossProfit": "2193574000",
      "totalRevenue": "3664000000",
      "costOfRevenue": "1470426000",
      "costofGoodsAndServicesSold": "1470426000",
      "operatingIncome": "1221209000",
      "sellingGeneralAndAdministrative": "261400000",
      "researchAndDevelopment": "408384000",
      "operatingExpenses": "972365000",
      "investmentIncomeNet": "None",
      "netInterestIncome": "None",
      "interestIncome": "None",
      "interestExpense": "342000",
      "nonInterestIncome": "None",
      "otherNonOperatingIncome": "None",
      "depreciation": "None",
      "depreciationAndAmortization": "204992000",
      "incomeBeforeTax": "1351937000",
      "incomeTaxExpense": "349775000",
      "interestAndDebtExpense": "None",
      "netIncomeFromContinuingOperations": "None",
      "comprehensiveIncomeNetOfTax": "None",
      "ebit": "1352279000",
      "ebitda": "1557271000",
      "netIncome": "1002162000"
    },
    {
      "fiscalDateEnding": "2006-12-31",
      "reportedCurrency": "USD",
      "grossProfit": "1922350000",
      "totalRevenue": "3205498000",
      "costOfRevenue": "1283148000",
      "costofGoodsAndServicesSold": "1283148000",
      "operatingIncome": "1060594000",
      "sellingGeneralAndAdministrative": "474950000",
      "researchAndDevelopment": "386806000",
      "operatingExpenses": "861756000",
      "investmentIncomeNet": "None",
      "netInterestIncome": "None",
      "interestIncome": "None",
      "interestExpense": "None",
      "nonInterestIncome": "None",
      "otherNonOperatingIncome": "None",
      "depreciation": "None",
      "depreciationAndAmortization": "189250000",
      "incomeBeforeTax": "1184734000",
      "incomeTaxExpense": "154017000",
      "interestAndDebtExpense": "None",
      "netIncomeFromContinuingOperations": "None",
      "comprehensiveIncomeNetOfTax": "None",
      "ebit": "723484000",
      "ebitda": "912734000",
      "netIncome": "1030717000"
    },
    {
      "fiscalDateEnding": "2006-09-30",
      "reportedCurrency": "USD",
      "grossProfit": "1640972000",
      "totalRevenue": "2689700000",
      "costOfRevenue": "1048728000",
      "costofGoodsAndServicesSold": "1048728000",
      "operatingIncome": "931331000",
      "sellingGeneralAndAdministrative": "190010000",
      "researchAndDevelopment": "312632000",
      "operatingExpenses": "709641000",
      "investmentIncomeNet": "None",
      "netInterestIncome": "None",
      "interestIncome": "None",
      "interestExpense": "21000",
      "nonInterestIncome": "None",
      "otherNonOperatingIncome": "None",
      "depreciation": "None",
      "depreciationAndAmortization": "145310000",
      "incomeBeforeTax": "1039511000",
      "incomeTaxExpense": "306150000",
      "interestAndDebtExpense": "None",
      "netIncomeFromContinuingOperations": "None",
      "comprehensiveIncomeNetOfTax": "None",
      "ebit": "1039532000",
      "ebitda": "1184842000",
      "netIncome": "733361000"
    },
    {
      "fiscalDateEnding": "2006-06-30",
      "reportedCurrency": "USD",
      "grossProfit": "1466968000",
      "totalRevenue": "2456000000",
      "costOfRevenue": "989032000",
      "costofGoodsAndServicesSold": "989032000",
      "operatingIncome": "815372000",
      "sellingGeneralAndAdministrative": "172638000",
      "researchAndDevelopment": "282552000",
      "operatingExpenses": "651596000",
      "investmentIncomeNet": "None",
      "netInterestIncome": "None",
      "interestIncome": "None",
      "interestExpense": "177000",
      "nonInterestIncome": "None",
      "otherNonOperatingIncome": "None",
      "depreciation": "None",
      "depreciationAndAmortization": "126221000",
      "incomeBeforeTax": "976177000",
      "incomeTaxExpense": "255100000",
      "interestAndDebtExpense": "None",
      "netIncomeFromContinuingOperations": "None",
      "comprehensiveIncomeNetOfTax": "None",
      "ebit": "976354000",
      "ebitda": "1102575000",
      "netIncome": "721077000"
    },
    {
      "fiscalDateEnding": "2006-03-31",
      "reportedCurrency": "USD",
      "grossProfit": "1349681000",
      "totalRevenue": "2253800000",
      "costOfRevenue": "904119000",
      "costofGoodsAndServicesSold": "904119000",
      "operatingIncome": "742699000",
      "sellingGeneralAndAdministrative": "169395000",
      "researchAndDevelopment": "246599000",
      "operatingExpenses": "606982000",
      "investmentIncomeNet": "None",
      "netInterestIncome": "None",
      "interestIncome": "None",
      "interestExpense": "8000",
      "nonInterestIncome": "None",
      "otherNonOperatingIncome": "None",
      "depreciation": "None",
      "depreciationAndAmortization": "111158000",
      "incomeBeforeTax": "810618000",
      "incomeTaxExpense": "218327000",
      "interestAndDebtExpense": "None",
      "netIncomeFromContinuingOperations": "None",
      "comprehensiveIncomeNetOfTax": "None",
      "ebit": "810626000",
      "ebitda": "921784000",
      "netIncome": "592291000"
    },
    {
      "fiscalDateEnding": "2005-12-31",
      "reportedCurrency": "USD",
      "grossProfit": "1143711000",
      "totalRevenue": "1919092000",
      "costOfRevenue": "775381000",
      "costofGoodsAndServicesSold": "775381000",
      "operatingIncome": "569639000",
      "sellingGeneralAndAdministrative": "327000000",
      "researchAndDevelopment": "157072000",
      "operatingExpenses": "574072000",
      "investmentIncomeNet": "None",
      "netInterestIncome": "None",
      "interestIncome": "None",
      "interestExpense": "None",
      "nonInterestIncome": "None",
      "otherNonOperatingIncome": "None",
      "depreciation": "None",
      "depreciationAndAmortization": "94725000",
      "incomeBeforeTax": "639833000",
      "incomeTaxExpense": "267625000",
      "interestAndDebtExpense": "None",
      "netIncomeFromContinuingOperations": "None",
      "comprehensiveIncomeNetOfTax": "None",
      "ebit": "569639000",
      "ebitda": "664364000",
      "netIncome": "372208000"
    }
  ]
}