{
  "symbol": "AMD",
  "annualReports": [
    {
      "fiscalDateEnding": "2025-12-31",
      "reportedCurrency": "USD",
      "grossProfit": "17152000000",
      "totalRevenue": "34639000000",
      "costOfRevenue": "17487000000",
      "costofGoodsAndServicesSold": "17487000000",
      "operatingIncome": "3694000000",
      "sellingGeneralAndAdministrative": "4144000000",
      "researchAndDevelopment": "8091000000",
      "operatingExpenses": "13458000000",
      "investmentIncomeNet": "None",
      "netInterestIncome": "84000000",
      "interestIncome": "131000000",
      "interestExpense": "131000000",
      "nonInterestIncome": "None",
      "otherNonOperatingIncome": "None",
      "depreciation": "None",
      "depreciationAndAmortization": "3004000000",
      "incomeBeforeTax": "4166000000",
      "incomeTaxExpense": "-103000000",
      "interestAndDebtExpense": "None",
      "netIncomeFromContinuingOperations": "4269000000",
      "comprehensiveIncomeNetOfTax": "None",
      "ebit": "4271000000",
      "ebitda": "7275000000",
      "netIncome": "4335000000"
    },
    {
      "fiscalDateEnding": "2024-12-31",
      "reportedCurrency": "USD",
      "grossProfit": "12725000000",
      "totalRevenue": "25785000000",
      "costOfRevenue": "13060000000",
      "costofGoodsAndServicesSold": "13060000000",
      "operatingIncome": "1900000000",
      "sellingGeneralAndAdministrative": "1583000000",
      "researchAndDevelopment": "6456000000",
      "operatingExpenses": "10825000000",
      "investmentIncomeNet": "None",
      "netInterestIncome": "90000000",
      "interestIncome": "182000000",
      "interestExpense": "92000000",
      "nonInterestIncome": "None",
      "otherNonOperatingIncome": "None",
      "depreciation": "None",
      "depreciationAndAmortization": "3177000000",
      "incomeBeforeTax": "2022000000",
      "incomeTaxExpense": "381000000",
      "interestAndDebtExpense": "None",
      "netIncomeFromContinuingOperations": "1641000000",
      "comprehensiveIncomeNetOfTax": "None",
      "ebit": "2081000000",
      "ebitda": "5258000000",
      "netIncome": "1641000000"
    },
    {
      "fiscalDateEnding": "2023-12-31",
      "reportedCurrency": "USD",
      "grossProfit": "10460000000",
      "totalRevenue": "22680000000",
      "costOfRevenue": "12220000000",
      "costofGoodsAndServicesSold": "12220000000",
      "operatingIncome": "401000000",
      "sellingGeneralAndAdministrative": "2298000000",
      "researchAndDevelopment": "5872000000",
      "operatingExpenses": "8224000000",
      "investmentIncomeNet": "None",
      "netInterestIncome": "-33000000",
      "interestIncome": "206000000",
      "interestExpense": "106000000",
      "nonInterestIncome": "None",
      "otherNonOperatingIncome": "None",
      "depreciation": "None",
      "depreciationAndAmortization": "3551000000",
      "incomeBeforeTax": "492000000",
      "incomeTaxExpense": "-362000000",
      "interestAndDebtExpense": "None",
      "netIncomeFromContinuingOperations": "208000000",
      "comprehensiveIncomeNetOfTax": "None",
      "ebit": "401000000",
      "ebitda": "401000000",
      "netIncome": "854000000"
    },
    {
      "fiscalDateEnding": "2022-12-31",
      "reportedCurrency": "USD",
      "grossProfit": "10603000000",
      "totalRevenue": "23601000000",
      "costOfRevenue": "12998000000",
      "costofGoodsAndServicesSold": "12998000000",
      "operatingIncome": "1264000000",
      "sellingGeneralAndAdministrative": "2336000000",
      "researchAndDevelopment": "5005000000",
      "operatingExpenses": "9339000000",
      "investmentIncomeNet": "None",
      "netInterestIncome": "-88000000",
      "interestIncome": "85000000",
      "interestExpense": "34000000",
      "nonInterestIncome": "None",
      "otherNonOperatingIncome": "None",
      "depreciation": "None",
      "depreciationAndAmortization": "55000000",
      "incomeBeforeTax": "1184000000",
      "incomeTaxExpense": "513000000",
      "interestAndDebtExpense": "None",
      "netIncomeFromContinuingOperations": "1320000000",
      "comprehensiveIncomeNetOfTax": "None",
      "ebit": "1264000000",
      "ebitda": "1319000000",
      "netIncome": "1320000000"
    },
    {
      "fiscalDateEnding": "2021-12-31",
      "reportedCurrency": "USD",
      "grossProfit": "7929000000",
      "totalRevenue": "16434000000",
      "costOfRevenue": "8505000000",
      "costofGoodsAndServicesSold": "8505000000",
      "operatingIncome": "3641000000",
      "sellingGeneralAndAdministrative": "1448000000",
      "researchAndDevelopment": "2845000000",
      "operatingExpenses": "4281000000",
      "investmentIncomeNet": "None",
      "netInterestIncome": "-34000000",
      "interestIncome": "30000000",
      "interestExpense": "47000000",
      "nonInterestIncome": "None",
      "otherNonOperatingIncome": "61000000",
      "depreciation": "None",
      "depreciationAndAmortization": "354000000",
      "incomeBeforeTax": "3669000000",
      "incomeTaxExpense": "-1210000000",
      "interestAndDebtExpense": "None",
      "netIncomeFromContinuingOperations": "3156000000",
      "comprehensiveIncomeNetOfTax": "None",
      "ebit": "3641000000",
      "ebitda": "3995000000",
      "netIncome": "3162000000"
    },
    {
      "fiscalDateEnding": "2020-12-31",
      "reportedCurrency": "USD",
      "grossProfit": "4347000000",
      "totalRevenue": "9763000000",
      "costOfRevenue": "5416000000",
      "costofGoodsAndServicesSold": "5416000000",
      "operatingIncome": "1315000000",
      "sellingGeneralAndAdministrative": "995000000",
      "researchAndDevelopment": "1983000000",
      "operatingExpenses": "2978000000",
      "investmentIncomeNet": "None",
      "netInterestIncome": "-47000000",
      "interestIncome": "39000000",
      "interestExpense": "94000000",
      "nonInterestIncome": "None",
      "otherNonOperatingIncome": "-42000000",
      "depreciation": "None",
      "depreciationAndAmortization": "258000000",
      "incomeBeforeTax": "1275000000",
      "incomeTaxExpense": "31000000",
      "interestAndDebtExpense": "None",
      "netIncomeFromContinuingOperations": "2485000000",
      "comprehensiveIncomeNetOfTax": "None",
      "ebit": "1315000000",
      "ebitda": "1573000000",
      "netIncome": "2490000000"
    },
    {
      "fiscalDateEnding": "2019-12-31",
      "reportedCurrency": "USD",
      "grossProfit": "2868000000",
      "totalRevenue": "6731000000",
      "costOfRevenue": "3863000000",
      "costofGoodsAndServicesSold": "3863000000",
      "operatingIncome": "631000000",
      "sellingGeneralAndAdministrative": "750000000",
      "researchAndDevelopment": "1547000000",
      "operatingExpenses": "2237000000",
      "investmentIncomeNet": "None",
      "netInterestIncome": "-79000000",
      "interestIncome": "15000000",
      "interestExpense": "94000000",
      "nonInterestIncome": "None",
      "otherNonOperatingIncome": "-165000000",
      "depreciation": "None",
      "depreciationAndAmortization": "258000000",
      "incomeBeforeTax": "372000000",
      "incomeTaxExpense": "31000000",
      "interestAndDebtExpense": "None",
      "netIncomeFromContinuingOperations": "341000000",
      "comprehensiveIncomeNetOfTax": "None",
      "ebit": "631000000",
      "ebitda": "889000000",
      "netIncome": "341000000"
    },
    {
      "fiscalDateEnding": "2018-12-31",
      "reportedCurrency": "USD",
      "grossProfit": "2447000000",
      "totalRevenue": "6475000000",
      "costOfRevenue": "4028000000",
      "costofGoodsAndServicesSold": "4028000000",
      "operatingIncome": "451000000",
      "sellingGeneralAndAdministrative": "562000000",
      "researchAndDevelopment": "1434000000",
      "operatingExpenses": "1996000000",
      "investmentIncomeNet": "None",
      "netInterestIncome": "-103000000",
      "interestIncome": "18000000",
      "interestExpense": "121000000",
      "nonInterestIncome": "None",
      "otherNonOperatingIncome": "-2000000",
      "depreciation": "None",
      "depreciationAndAmortization": "170000000",
      "incomeBeforeTax": "330000000",
      "incomeTaxExpense": "-9000000",
      "interestAndDebtExpense": "None",
      "netIncomeFromContinuingOperations": "339000000",
      "comprehensiveIncomeNetOfTax": "None",
      "ebit": "451000000",
      "ebitda": "621000000",
      "netIncome": "337000000"
    },
    {
      "fiscalDateEnding": "2017-12-31",
      "reportedCurrency": "USD",
      "grossProfit": "1823000000",
      "totalRevenue": "5329000000",
      "costOfRevenue": "3506000000",
      "costofGoodsAndServicesSold": "3506000000",
      "operatingIncome": "204000000",
      "sellingGeneralAndAdministrative": "516000000",
      "researchAndDevelopment": "1160000000",
      "operatingExpenses": "1619000000",
      "investmentIncomeNet": "None",
      "netInterestIncome": "-120000000",
      "interestIncome": "6000000",
      "interestExpense": "126000000",
      "nonInterestIncome": "None",
      "otherNonOperatingIncome": "-16000000",
      "depreciation": "None",
      "depreciationAndAmortization": "144000000",
      "incomeBeforeTax": "69000000",
      "incomeTaxExpense": "19000000",
      "interestAndDebtExpense": "None",
      "netIncomeFromContinuingOperations": "50000000",
      "comprehensiveIncomeNetOfTax": "None",
      "ebit": "204000000",
      "ebitda": "348000000",
      "netIncome": "43000000"
    },
    {
      "fiscalDateEnding": "2016-12-31",
      "reportedCurrency": "USD",
      "grossProfit": "998000000",
      "totalRevenue": "4272000000",
      "costOfRevenue": "3274000000",
      "costofGoodsAndServicesSold": "3274000000",
      "operatingIncome": "-372000000",
      "sellingGeneralAndAdministrative": "460000000",
      "researchAndDevelopment": "1008000000",
      "operatingExpenses": "1380000000",
      "investmentIncomeNet": "None",
      "netInterestIncome": "-154000000",
      "interestIncome": "2000000",
      "interestExpense": "156000000",
      "nonInterestIncome": "None",
      "otherNonOperatingIncome": "70000000",
      "depreciation": "None",
      "depreciationAndAmortization": "135000000",
      "incomeBeforeTax": "-448000000",
      "incomeTaxExpense": "39000000",
      "interestAndDebtExpense": "None",
      "netIncomeFromContinuingOperations": "-487000000",
      "comprehensiveIncomeNetOfTax": "None",
      "ebit": "-372000000",
      "ebitda": "-237000000",
      "netIncome": "-487000000"
    },
    {
      "fiscalDateEnding": "2015-12-31",
      "reportedCurrency": "USD",
      "grossProfit": "1080000000",
      "totalRevenue": "3991000000",
      "costOfRevenue": "2911000000",
      "costofGoodsAndServicesSold": "2911000000",
      "operatingIncome": "-481000000",
      "sellingGeneralAndAdministrative": "475000000",
      "researchAndDevelopment": "947000000",
      "operatingExpenses": "1432000000",
      "investmentIncomeNet": "None",
      "netInterestIncome": "None",
      "interestIncome": "163000000",
      "interestExpense": "160000000",
      "nonInterestIncome": "None",
      "otherNonOperatingIncome": "-5000000",
      "depreciation": "None",
      "depreciationAndAmortization": "162000000",
      "incomeBeforeTax": "-646000000",
      "incomeTaxExpense": "14000000",
      "interestAndDebtExpense": "None",
      "netIncomeFromContinuingOperations": "-660000000",
      "comprehensiveIncomeNetOfTax": "None",
      "ebit": "-481000000",
      "ebitda": "-319000000",
      "netIncome": "-660000000"
    },
    {
      "fiscalDateEnding": "2014-12-31",
      "reportedCurrency": "USD",
      "grossProfit": "1839000000",
      "totalRevenue": "5506000000",
      "costOfRevenue": "3667000000",
      "costofGoodsAndServicesSold": "3667000000",
      "operatingIncome": "-155000000",
      "sellingGeneralAndAdministrative": "607000000",
      "researchAndDevelopment": "1072000000",
      "operatingExpenses": "1690000000",
      "investmentIncomeNet": "None",
      "netInterestIncome": "None",
      "interestIncome": "None",
      "interestExpense": "177000000",
      "nonInterestIncome": "None",
      "otherNonOperatingIncome": "-66000000",
      "depreciation": "None",
      "depreciationAndAmortization": "203000000",
      "incomeBeforeTax": "-398000000",
      "incomeTaxExpense": "5000000",
      "interestAndDebtExpense": "None",
      "netIncomeFromContinuingOperations": "-403000000",
      "comprehensiveIncomeNetOfTax": "None",
      "ebit": "-155000000",
      "ebitda": "48000000",
      "netIncome": "-403000000"
    },
    {
      "fiscalDateEnding": "2013-12-31",
      "reportedCurrency": "USD",
      "grossProfit": "1978000000",
      "totalRevenue": "5299000000",
      "costOfRevenue": "3321000000",
      "costofGoodsAndServicesSold": "3321000000",
      "operatingIncome": "103000000",
      "sellingGeneralAndAdministrative": "674000000",
      "researchAndDevelopment": "1201000000",
      "operatingExpenses": "1893000000",
      "investmentIncomeNet": "None",
      "netInterestIncome": "None",
      "interestIncome": "None",
      "interestExpense": "177000000",
      "nonInterestIncome": "None",
      "otherNonOperatingIncome": "None",
      "depreciation": "None",
      "depreciationAndAmortization": "236000000",
      "incomeBeforeTax": "-74000000",
      "incomeTaxExpense": "9000000",
      "interestAndDebtExpense": "None",
      "netIncomeFromContinuingOperations": "-83000000",
      "comprehensiveIncomeNetOfTax": "None",
      "ebit": "103000000",
      "ebitda": "339000000",
      "netIncome": "-83000000"
    },
    {
      "fiscalDateEnding": "2012-12-31",
      "reportedCurrency": "USD",
      "grossProfit": "1235000000",
      "totalRevenue": "5422000000",
      "costOfRevenue": "4187000000",
      "costofGoodsAndServicesSold": "4187000000",
      "operatingIncome": "-1056000000",
      "sellingGeneralAndAdministrative": "823000000",
      "researchAndDevelopment": "1354000000",
      "operatingExpenses": "2191000000",
      "investmentIncomeNet": "None",
      "netInterestIncome": "None",
      "interestIncome": "None",
      "interestExpense": "175000000",
      "nonInterestIncome": "None",
      "otherNonOperatingIncome": "14000000",
      "depreciation": "None",
      "depreciationAndAmortization": "278000000",
      "incomeBeforeTax": "-1217000000",
      "incomeTaxExpense": "-34000000",
      "interestAndDebtExpense": "None",
      "netIncomeFromContinuingOperations": "-1183000000",
      "comprehensiveIncomeNetOfTax": "None",
      "ebit": "-1056000000",
      "ebitda": "-778000000",
      "netIncome": "-1183000000"
    },
    {
      "fiscalDateEnding": "2011-12-31",
      "reportedCurrency": "USD",
      "grossProfit": "2940000000",
      "totalRevenue": "6568000000",
      "costOfRevenue": "3628000000",
      "costofGoodsAndServicesSold": "3628000000",
      "operatingIncome": "368000000",
      "sellingGeneralAndAdministrative": "992000000",
      "researchAndDevelopment": "1453000000",
      "operatingExpenses": "2474000000",
      "investmentIncomeNet": "None",
      "netInterestIncome": "None",
      "interestIncome": "None",
      "interestExpense": "180000000",
      "nonInterestIncome": "None",
      "otherNonOperatingIncome": "303000000",
      "depreciation": "None",
      "depreciationAndAmortization": "317000000",
      "incomeBeforeTax": "-1000000",
      "incomeTaxExpense": "-4000000",
      "interestAndDebtExpense": "None",
      "netIncomeFromContinuingOperations": "3000000",
      "comprehensiveIncomeNetOfTax": "None",
      "ebit": "368000000",
      "ebitda": "685000000",
      "netIncome": "491000000"
    },
    {
      "fiscalDateEnding": "2010-12-31",
      "reportedCurrency": "USD",
      "grossProfit": "2961000000",
      "totalRevenue": "6494000000",
      "costOfRevenue": "3533000000",
      "costofGoodsAndServicesSold": "3533000000",
      "operatingIncome": "848000000",
      "sellingGeneralAndAdministrative": "934000000",
      "researchAndDevelopment": "1405000000",
      "operatingExpenses": "2117000000",
      "investmentIncomeNet": "None",
      "netInterestIncome": "None",
      "interestIncome": "None",
      "interestExpense": "199000000",
      "nonInterestIncome": "None",
      "otherNonOperatingIncome": "-140000000",
      "depreciation": "None",
      "depreciationAndAmortization": "383000000",
      "incomeBeforeTax": "971000000",
      "incomeTaxExpense": "38000000",
      "interestAndDebtExpense": "None",
      "netIncomeFromContinuingOperations": "933000000",
      "comprehensiveIncomeNetOfTax": "None",
      "ebit": "848000000",
      "ebitda": "1231000000",
      "netIncome": "471000000"
    },
    {
      "fiscalDateEnding": "2009-12-31",
      "reportedCurrency": "USD",
      "grossProfit": "2272000000",
      "totalRevenue": "5403000000",
      "costOfRevenue": "3131000000",
      "costofGoodsAndServicesSold": "3131000000",
      "operatingIncome": "664000000",
      "sellingGeneralAndAdministrative": "994000000",
      "researchAndDevelopment": "1721000000",
      "operatingExpenses": "1543000000",
      "investmentIncomeNet": "None",
      "netInterestIncome": "None",
      "interestIncome": "None",
      "interestExpense": "438000000",
      "nonInterestIncome": "None",
      "otherNonOperatingIncome": "None",
      "depreciation": "None",
      "depreciationAndAmortization": "70000000",
      "incomeBeforeTax": "408000000",
      "incomeTaxExpense": "112000000",
      "interestAndDebtExpense": "None",
      "netIncomeFromContinuingOperations": "None",
      "comprehensiveIncomeNetOfTax": "None",
      "ebit": "664000000",
      "ebitda": "734000000",
      "netIncome": "376000000"
    },
    {
      "fiscalDateEnding": "2008-12-31",
      "reportedCurrency": "USD",
      "grossProfit": "2320000000",
      "totalRevenue": "5808000000",
      "costOfRevenue": "3488000000",
      "costofGoodsAndServicesSold": "3488000000",
      "operatingIncome": "-1955000000",
      "sellingGeneralAndAdministrative": "1304000000",
      "researchAndDevelopment": "1848000000",
      "operatingExpenses": "4185000000",
      "investmentIncomeNet": "None",
      "netInterestIncome": "None",
      "interestIncome": "None",
      "interestExpense": "2129000000",
      "nonInterestIncome": "None",
      "otherNonOperatingIncome": "None",
      "depreciation": "None",
      "depreciationAndAmortization": "1223000000",
      "incomeBeforeTax": "-2260000000",
      "incomeTaxExpense": "68000000",
      "interestAndDebtExpense": "None",
      "netIncomeFromContinuingOperations": "None",
      "comprehensiveIncomeNetOfTax": "None",
      "ebit": "-1955000000",
      "ebitda": "-732000000",
      "netIncome": "-3098000000"
    },
    {
      "fiscalDateEnding": "2007-12-31",
      "reportedCurrency": "USD",
      "grossProfit": "2262000000",
      "totalRevenue": "6013000000",
      "costOfRevenue": "3751000000",
      "costofGoodsAndServicesSold": "3751000000",
      "operatingIncome": "-2865000000",
      "sellingGeneralAndAdministrative": "1373000000",
      "researchAndDevelopment": "1847000000",
      "operatingExpenses": "5127000000",
      "investmentIncomeNet": "None",
      "netInterestIncome": "None",
      "interestIncome": "None",
      "interestExpense": "2106000000",
      "nonInterestIncome": "None",
      "otherNonOperatingIncome": "None",
      "depreciation": "None",
      "depreciationAndAmortization": "1138000000",
      "incomeBeforeTax": "-3166000000",
      "incomeTaxExpense": "23000000",
      "interestAndDebtExpense": "None",
      "netIncomeFromContinuingOperations": "None",
      "comprehensiveIncomeNetOfTax": "None",
      "ebit": "-2865000000",
      "ebitda": "-1727000000",
      "netIncome": "-3379000000"
    },
    {
      "fiscalDateEnding": "2006-12-31",
      "reportedCurrency": "USD",
      "grossProfit": "2793000000",
      "totalRevenue": "5649000000",
      "costOfRevenue": "2856000000",
      "costofGoodsAndServicesSold": "2856000000",
      "operatingIncome": "-47000000",
      "sellingGeneralAndAdministrative": "1140000000",
      "researchAndDevelopment": "1205000000",
      "operatingExpenses": "2424000000",
      "investmentIncomeNet": "None",
      "netInterestIncome": "None",
      "interestIncome": "None",
      "interestExpense": "941000000",
      "nonInterestIncome": "None",
      "otherNonOperatingIncome": "None",
      "depreciation": "None",
      "depreciationAndAmortization": "837000000",
      "incomeBeforeTax": "-213000000",
      "incomeTaxExpense": "23000000",
      "interestAndDebtExpense": "None",
      "netIncomeFromContinuingOperations": "None",
      "comprehensiveIncomeNetOfTax": "None",
      "ebit": "-47000000",
      "ebitda": "790000000",
      "netIncome": "-166000000"
    }
  ],
  "quarterlyReports": [
    {
      "fiscalDateEnding": "2025-12-31",
      "reportedCurrency": "USD",
      "grossProfit": "5577000000",
      "totalRevenue": "10270000000",
      "costOfRevenue": "4693000000",
      "costofGoodsAndServicesSold": "4693000000",
      "operatingIncome": "1753000000",
      "sellingGeneralAndAdministrative": "1198000000",
      "researchAndDevelopment": "2330000000",
      "operatingExpenses": "3825000000",
      "investmentIncomeNet": "None",
      "netInterestIncome": "179000000",
      "interestIncome": "36000000",
      "interestExpense": "36000000",
      "nonInterestIncome": "None",
      "otherNonOperatingIncome": "None",
      "depreciation": "None",
      "depreciationAndAmortization": "751000000",
      "incomeBeforeTax": "2075000000",
      "incomeTaxExpense": "455000000",
      "interestAndDebtExpense": "None",
      "netIncomeFromContinuingOperations": "1620000000",
      "comprehensiveIncomeNetOfTax": "None",
      "ebit": "2110000000",
      "ebitda": "2861000000",
      "netIncome": "1511000000"
    },
    {
      "fiscalDateEnding": "2025-09-30",
      "reportedCurrency": "USD",
      "grossProfit": "4780000000",
      "totalRevenue": "9246000000",
      "costOfRevenue": "4466000000",
      "costofGoodsAndServicesSold": "4466000000",
      "operatingIncome": "1270000000",
      "sellingGeneralAndAdministrative": "1069000000",
      "researchAndDevelopment": "2139000000",
      "operatingExpenses": "3510000000",
      "investmentIncomeNet": "None",
      "netInterestIncome": "-37000000",
      "interestIncome": "37000000",
      "interestExpense": "37000000",
      "nonInterestIncome": "None",
      "otherNonOperatingIncome": "None",
      "depreciation": "None",
      "depreciationAndAmortization": "754000000",
      "incomeBeforeTax": "1325000000",
      "incomeTaxExpense": "153000000",
      "interestAndDebtExpense": "None",
      "netIncomeFromContinuingOperations": "1172000000",
      "comprehensiveIncomeNetOfTax": "None",
      "ebit": "1362000000",
      "ebitda": "2116000000",
      "netIncome": "1243000000"
    },
    {
      "fiscalDateEnding": "2025-06-30",
      "reportedCurrency": "USD",
      "grossProfit": "3059000000",
      "totalRevenue": "7685000000",
      "costOfRevenue": "4626000000",
      "costofGoodsAndServicesSold": "4626000000",
      "operatingIncome": "-134000000",
      "sellingGeneralAndAdministrative": "991000000",
      "researchAndDevelopment": "1894000000",
      "operatingExpenses": "3193000000",
      "investmentIncomeNet": "None",
      "netInterestIncome": "-38000000",
      "interestIncome": "38000000",
      "interestExpense": "38000000",
      "nonInterestIncome": "None",
      "otherNonOperatingIncome": "None",
      "depreciation": "None",
      "depreciationAndAmortization": "757000000",
      "incomeBeforeTax": "-66000000",
      "incomeTaxExpense": "-834000000",
      "interestAndDebtExpense": "None",
      "netIncomeFromContinuingOperations": "768000000",
      "comprehensiveIncomeNetOfTax": "None",
      "ebit": "-36000000",
      "ebitda": "721000000",
      "netIncome": "872000000"
    },
    {
      "fiscalDateEnding": "2025-03-31",
      "reportedCurrency": "USD",
      "grossProfit": "3736000000",
      "totalRevenue": "7438000000",
      "costOfRevenue": "3702000000",
      "costofGoodsAndServicesSold": "3702000000",
      "operatingIncome": "806000000",
      "sellingGeneralAndAdministrative": "886000000",
      "researchAndDevelopment": "1728000000",
      "operatingExpenses": "2930000000",
      "investmentIncomeNet": "None",
      "netInterestIncome": "-20000000",
      "interestIncome": "20000000",
      "interestExpense": "20000000",
      "nonInterestIncome": "None",
      "otherNonOperatingIncome": "None",
      "depreciation": "None",
      "depreciationAndAmortization": "742000000",
      "incomeBeforeTax": "832000000",
      "incomeTaxExpense": "123000000",
      "interestAndDebtExpense": "None",
      "netIncomeFromContinuingOperations": "709000000",
      "comprehensiveIncomeNetOfTax": "None",
      "ebit": "845000000",
      "ebitda": "1587000000",
      "netIncome": "709000000"
    },
    {
      "fiscalDateEnding": "2024-12-31",
      "reportedCurrency": "USD",
      "grossProfit": "3882000000",
      "totalRevenue": "7658000000",
      "costOfRevenue": "3776000000",
      "costofGoodsAndServicesSold": "3776000000",
      "operatingIncome": "871000000",
      "sellingGeneralAndAdministrative": "792000000",
      "researchAndDevelopment": "1712000000",
      "operatingExpenses": "3011000000",
      "investmentIncomeNet": "None",
      "netInterestIncome": "163000000",
      "interestIncome": "19000000",
      "interestExpense": "19000000",
      "nonInterestIncome": "None",
      "otherNonOperatingIncome": "None",
      "depreciation": "None",
      "depreciationAndAmortization": "786000000",
      "incomeBeforeTax": "901000000",
      "incomeTaxExpense": "419000000",
      "interestAndDebtExpense": "None",
      "netIncomeFromContinuingOperations": "482000000",
      "comprehensiveIncomeNetOfTax": "None",
      "ebit": "908000000",
      "ebitda": "1694000000",
      "netIncome": "482000000"
    },
    {
      "fiscalDateEnding": "2024-09-30",
      "reportedCurrency": "USD",
      "grossProfit": "3419000000",
      "totalRevenue": "6819000000",
      "costOfRevenue": "3400000000",
      "costofGoodsAndServicesSold": "3400000000",
      "operatingIncome": "724000000",
      "sellingGeneralAndAdministrative": "721000000",
      "researchAndDevelopment": "1636000000",
      "operatingExpenses": "2695000000",
      "investmentIncomeNet": "None",
      "netInterestIncome": "-23000000",
      "interestIncome": "23000000",
      "interestExpense": "23000000",
      "nonInterestIncome": "None",
      "otherNonOperatingIncome": "None",
      "depreciation": "None",
      "depreciationAndAmortization": "838000000",
      "incomeBeforeTax": "744000000",
      "incomeTaxExpense": "-27000000",
      "interestAndDebtExpense": "None",
      "netIncomeFromContinuingOperations": "771000000",
      "comprehensiveIncomeNetOfTax": "None",
      "ebit": "760000000",
      "ebitda": "1598000000",
      "netIncome": "771000000"
    },
    {
      "fiscalDateEnding": "2024-06-30",
      "reportedCurrency": "USD",
      "grossProfit": "2864000000",
      "totalRevenue": "5835000000",
      "costOfRevenue": "2971000000",
      "costofGoodsAndServicesSold": "2971000000",
      "operatingIncome": "269000000",
      "sellingGeneralAndAdministrative": "650000000",
      "researchAndDevelopment": "1583000000",
      "operatingExpenses": "2595000000",
      "investmentIncomeNet": "None",
      "netInterestIncome": "-25000000",
      "interestIncome": "None",
      "interestExpense": "25000000",
      "nonInterestIncome": "None",
      "otherNonOperatingIncome": "None",
      "depreciation": "None",
      "depreciationAndAmortization": "769000000",
      "incomeBeforeTax": "306000000",
      "incomeTaxExpense": "41000000",
      "interestAndDebtExpense": "None",
      "netIncomeFromContinuingOperations": "265000000",
      "comprehensiveIncomeNetOfTax": "None",
      "ebit": "324000000",
      "ebitda": "1093000000",
      "netIncome": "265000000"
    },
    {
      "fiscalDateEnding": "2024-03-31",
      "reportedCurrency": "USD",
      "grossProfit": "2560000000",
      "totalRevenue": "5473000000",
      "costOfRevenue": "2913000000",
      "costofGoodsAndServicesSold": "2913000000",
      "operatingIncome": "36000000",
      "sellingGeneralAndAdministrative": "620000000",
      "researchAndDevelopment": "1525000000",
      "operatingExpenses": "2524000000",
      "investmentIncomeNet": "None",
      "netInterestIncome": "-25000000",
      "interestIncome": "None",
      "interestExpense": "25000000",
      "nonInterestIncome": "None",
      "otherNonOperatingIncome": "None",
      "depreciation": "None",
      "depreciationAndAmortization": "784000000",
      "incomeBeforeTax": "71000000",
      "incomeTaxExpense": "-52000000",
      "interestAndDebtExpense": "None",
      "netIncomeFromContinuingOperations": "123000000",
      "comprehensiveIncomeNetOfTax": "None",
      "ebit": "89000000",
      "ebitda": "873000000",
      "netIncome": "123000000"
    },
    {
      "fiscalDateEnding": "2023-12-31",
      "reportedCurrency": "USD",
      "grossProfit": "2911000000",
      "totalRevenue": "6168000000",
      "costOfRevenue": "3257000000",
      "costofGoodsAndServicesSold": "3257000000",
      "operatingIncome": "342000000",
      "sellingGeneralAndAdministrative": "51000000",
      "researchAndDevelopment": "1511000000",
      "operatingExpenses": "2569000000",
      "investmentIncomeNet": "None",
      "netInterestIncome": "179000000",
      "interestIncome": "None",
      "interestExpense": "27000000",
      "nonInterestIncome": "None",
      "otherNonOperatingIncome": "None",
      "depreciation": "None",
      "depreciationAndAmortization": "824000000",
      "incomeBeforeTax": "370000000",
      "incomeTaxExpense": "-297000000",
      "interestAndDebtExpense": "None",
      "netIncomeFromContinuingOperations": "667000000",
      "comprehensiveIncomeNetOfTax": "None",
      "ebit": "391000000",
      "ebitda": "1215000000",
      "netIncome": "667000000"
    },
    {
      "fiscalDateEnding": "2023-09-30",
      "reportedCurrency": "USD",
      "grossProfit": "2747000000",
      "totalRevenue": "5800000000",
      "costOfRevenue": "3053000000",
      "costofGoodsAndServicesSold": "3053000000",
      "operatingIncome": "224000000",
      "sellingGeneralAndAdministrative": "576000000",
      "researchAndDevelopment": "1507000000",
      "operatingExpenses": "2523000000",
      "investmentIncomeNet": "None",
      "netInterestIncome": "-26000000",
      "interestIncome": "26000000",
      "interestExpense": "26000000",
      "nonInterestIncome": "None",
      "otherNonOperatingIncome": "None",
      "depreciation": "None",
      "depreciationAndAmortization": "848000000",
      "incomeBeforeTax": "257000000",
      "incomeTaxExpense": "-39000000",
      "interestAndDebtExpense": "None",
      "netIncomeFromContinuingOperations": "299000000",
      "comprehensiveIncomeNetOfTax": "None",
      "ebit": "224000000",
      "ebitda": "1072000000",
      "netIncome": "299000000"
    },
    {
      "fiscalDateEnding": "2023-06-30",
      "reportedCurrency": "USD",
      "grossProfit": "2443000000",
      "totalRevenue": "5359000000",
      "costOfRevenue": "2916000000",
      "costofGoodsAndServicesSold": "2916000000",
      "operatingIncome": "-20000000",
      "sellingGeneralAndAdministrative": "547000000",
      "researchAndDevelopment": "1443000000",
      "operatingExpenses": "2463000000",
      "investmentIncomeNet": "None",
      "netInterestIncome": "-28000000",
      "interestIncome": "28000000",
      "interestExpense": "28000000",
      "nonInterestIncome": "None",
      "otherNonOperatingIncome": "52000000",
      "depreciation": "None",
      "depreciationAndAmortization": "873000000",
      "incomeBeforeTax": "-2000000",
      "incomeTaxExpense": "-23000000",
      "interestAndDebtExpense": "None",
      "netIncomeFromContinuingOperations": "21000000",
      "comprehensiveIncomeNetOfTax": "None",
      "ebit": "-20000000",
      "ebitda": "853000000",
      "netIncome": "27000000"
    },
    {
      "fiscalDateEnding": "2023-03-31",
      "reportedCurrency": "USD",
      "grossProfit": "2359000000",
      "totalRevenue": "5353000000",
      "costOfRevenue": "2994000000",
      "costofGoodsAndServicesSold": "2994000000",
      "operatingIncome": "-102000000",
      "sellingGeneralAndAdministrative": "585000000",
      "researchAndDevelopment": "1411000000",
      "operatingExpenses": "2504000000",
      "investmentIncomeNet": "None",
      "netInterestIncome": "-25000000",
      "interestIncome": "25000000",
      "interestExpense": "25000000",
      "nonInterestIncome": "None",
      "otherNonOperatingIncome": "44000000",
      "depreciation": "None",
      "depreciationAndAmortization": "518000000",
      "incomeBeforeTax": "-127000000",
      "incomeTaxExpense": "13000000",
      "interestAndDebtExpense": "None",
      "netIncomeFromContinuingOperations": "-140000000",
      "comprehensiveIncomeNetOfTax": "None",
      "ebit": "-102000000",
      "ebitda": "416000000",
      "netIncome": "-139000000"
    },
    {
      "fiscalDateEnding": "2022-12-31",
      "reportedCurrency": "USD",
      "grossProfit": "2403000000",
      "totalRevenue": "5599000000",
      "costOfRevenue": "3196000000",
      "costofGoodsAndServicesSold": "3196000000",
      "operatingIncome": "-117000000",
      "sellingGeneralAndAdministrative": "590000000",
      "researchAndDevelopment": "1366000000",
      "operatingExpenses": "2552000000",
      "investmentIncomeNet": "None",
      "netInterestIncome": "-19000000",
      "interestIncome": "24000000",
      "interestExpense": "19000000",
      "nonInterestIncome": "None",
      "otherNonOperatingIncome": "None",
      "depreciation": "None",
      "depreciationAndAmortization": "601000000",
      "incomeBeforeTax": "-136000000",
      "incomeTaxExpense": "-154000000",
      "interestAndDebtExpense": "None",
      "netIncomeFromContinuingOperations": "21000000",
      "comprehensiveIncomeNetOfTax": "None",
      "ebit": "-117000000",
      "ebitda": "484000000",
      "netIncome": "21000000"
    },
    {
      "fiscalDateEnding": "2022-09-30",
      "reportedCurrency": "USD",
      "grossProfit": "2354000000",
      "totalRevenue": "5565000000",
      "costOfRevenue": "3211000000",
      "costofGoodsAndServicesSold": "3211000000",
      "operatingIncome": "-42000000",
      "sellingGeneralAndAdministrative": "557000000",
      "researchAndDevelopment": "1279000000",
      "operatingExpenses": "2418000000",
      "investmentIncomeNet": "None",
      "netInterestIncome": "-31000000",
      "interestIncome": "34000000",
      "interestExpense": "31000000",
      "nonInterestIncome": "None",
      "otherNonOperatingIncome": "26000000",
      "depreciation": "None",
      "depreciationAndAmortization": "590000000",
      "incomeBeforeTax": "-73000000",
      "incomeTaxExpense": "-135000000",
      "interestAndDebtExpense": "None",
      "netIncomeFromContinuingOperations": "62000000",
      "comprehensiveIncomeNetOfTax": "None",
      "ebit": "-42000000",
      "ebitda": "548000000",
      "netIncome": "66000000"
    },
    {
      "fiscalDateEnding": "2022-06-30",
      "reportedCurrency": "USD",
      "grossProfit": "3028000000",
      "totalRevenue": "6550000000",
      "costOfRevenue": "3522000000",
      "costofGoodsAndServicesSold": "3522000000",
      "operatingIncome": "526000000",
      "sellingGeneralAndAdministrative": "592000000",
      "researchAndDevelopment": "1300000000",
      "operatingExpenses": "2502000000",
      "investmentIncomeNet": "None",
      "netInterestIncome": "-25000000",
      "interestIncome": "35000000",
      "interestExpense": "25000000",
      "nonInterestIncome": "None",
      "otherNonOperatingIncome": "None",
      "depreciation": "None",
      "depreciationAndAmortization": "612000000",
      "incomeBeforeTax": "497000000",
      "incomeTaxExpense": "54000000",
      "interestAndDebtExpense": "None",
      "netIncomeFromContinuingOperations": "443000000",
      "comprehensiveIncomeNetOfTax": "None",
      "ebit": "526000000",
      "ebitda": "1138000000",
      "netIncome": "447000000"
    },
    {
      "fiscalDateEnding": "2022-03-31",
      "reportedCurrency": "USD",
      "grossProfit": "2818000000",
      "totalRevenue": "5887000000",
      "costOfRevenue": "3069000000",
      "costofGoodsAndServicesSold": "3069000000",
      "operatingIncome": "951000000",
      "sellingGeneralAndAdministrative": "597000000",
      "researchAndDevelopment": "1060000000",
      "operatingExpenses": "1867000000",
      "investmentIncomeNet": "None",
      "netInterestIncome": "-13000000",
      "interestIncome": "None",
      "interestExpense": "13000000",
      "nonInterestIncome": "None",
      "otherNonOperatingIncome": "-39000000",
      "depreciation": "None",
      "depreciationAndAmortization": "251000000",
      "incomeBeforeTax": "896000000",
      "incomeTaxExpense": "113000000",
      "interestAndDebtExpense": "None",
      "netIncomeFromContinuingOperations": "783000000",
      "comprehensiveIncomeNetOfTax": "None",
      "ebit": "951000000",
      "ebitda": "1202000000",
      "netIncome": "786000000"
    },
    {
      "fiscalDateEnding": "2021-12-31",
      "reportedCurrency": "USD",
      "grossProfit": "2426000000",
      "totalRevenue": "4826000000",
      "costOfRevenue": "2400000000",
      "costofGoodsAndServicesSold": "2400000000",
      "operatingIncome": "1207000000",
      "sellingGeneralAndAdministrative": "412000000",
      "researchAndDevelopment": "811000000",
      "operatingExpenses": "1219000000",
      "investmentIncomeNet": "None",
      "netInterestIncome": "-8000000",
      "interestIncome": "None",
      "interestExpense": "8000000",
      "nonInterestIncome": "None",
      "otherNonOperatingIncome": "4000000",
      "depreciation": "None",
      "depreciationAndAmortization": "134000000",
      "incomeBeforeTax": "1203000000",
      "incomeTaxExpense": "229000000",
      "interestAndDebtExpense": "None",
      "netIncomeFromContinuingOperations": "974000000",
      "comprehensiveIncomeNetOfTax": "None",
      "ebit": "1207000000",
      "ebitda": "1341000000",
      "netIncome": "974000000"
    },
    {
      "fiscalDateEnding": "2021-09-30",
      "reportedCurrency": "USD",
      "grossProfit": "2086000000",
      "totalRevenue": "4313000000",
      "costOfRevenue": "2227000000",
      "costofGoodsAndServicesSold": "2227000000",
      "operatingIncome": "948000000",
      "sellingGeneralAndAdministrative": "376000000",
      "researchAndDevelopment": "765000000",
      "operatingExpenses": "1138000000",
      "investmentIncomeNet": "None",
      "netInterestIncome": "-7000000",
      "interestIncome": "None",
      "interestExpense": "7000000",
      "nonInterestIncome": "None",
      "otherNonOperatingIncome": "64000000",
      "depreciation": "None",
      "depreciationAndAmortization": "112000000",
      "incomeBeforeTax": "1003000000",
      "incomeTaxExpense": "82000000",
      "interestAndDebtExpense": "None",
      "netIncomeFromContinuingOperations": "923000000",
      "comprehensiveIncomeNetOfTax": "None",
      "ebit": "948000000",
      "ebitda": "1060000000",
      "netIncome": "923000000"
    },
    {
      "fiscalDateEnding": "2021-06-30",
      "reportedCurrency": "USD",
      "grossProfit": "1830000000",
      "totalRevenue": "3850000000",
      "costOfRevenue": "2020000000",
      "costofGoodsAndServicesSold": "2020000000",
      "operatingIncome": "831000000",
      "sellingGeneralAndAdministrative": "341000000",
      "researchAndDevelopment": "659000000",
      "operatingExpenses": "999000000",
      "investmentIncomeNet": "None",
      "netInterestIncome": "-10000000",
      "interestIncome": "None",
      "interestExpense": "10000000",
      "nonInterestIncome": "None",
      "otherNonOperatingIncome": "2000000",
      "depreciation": "None",
      "depreciationAndAmortization": "110000000",
      "incomeBeforeTax": "821000000",
      "incomeTaxExpense": "113000000",
      "interestAndDebtExpense": "None",
      "netIncomeFromContinuingOperations": "710000000",
      "comprehensiveIncomeNetOfTax": "None",
      "ebit": "831000000",
      "ebitda": "941000000",
      "netIncome": "710000000"
    },
    {
      "fiscalDateEnding": "2021-03-31",
      "reportedCurrency": "USD",
      "grossProfit": "1587000000",
      "totalRevenue": "3445000000",
      "costOfRevenue": "1858000000",
      "costofGoodsAndServicesSold": "1858000000",
      "operatingIncome": "662000000",
      "sellingGeneralAndAdministrative": "319000000",
      "researchAndDevelopment": "610000000",
      "operatingExpenses": "925000000",
      "investmentIncomeNet": "None",
      "netInterestIncome": "-9000000",
      "interestIncome": "None",
      "interestExpense": "9000000",
      "nonInterestIncome": "None",
      "otherNonOperatingIncome": "-9000000",
      "depreciation": "None",
      "depreciationAndAmortization": "107000000",
      "incomeBeforeTax": "642000000",
      "incomeTaxExpense": "89000000",
      "interestAndDebtExpense": "None",
      "netIncomeFromContinuingOperations": "553000000",
      "comprehensiveIncomeNetOfTax": "None",
      "ebit": "662000000",
      "ebitda": "769000000",
      "netIncome": "555000000"
    },
    {
      "fiscalDateEnding": "2020-12-31",
      "reportedCurrency": "USD",
      "grossProfit": "1451000000",
      "totalRevenue": "3244000000",
      "costOfRevenue": "1793000000",
      "costofGoodsAndServicesSold": "1793000000",
      "operatingIncome": "570000000",
      "sellingGeneralAndAdministrative": "308000000",
      "researchAndDevelopment": "573000000",
      "operatingExpenses": "881000000",
      "investmentIncomeNet": "None",
      "netInterestIncome": "-9000000",
      "interestIncome": "None",
      "interestExpense": "9000000",
      "nonInterestIncome": "None",
      "otherNonOperatingIncome": "-12000000",
      "depreciation": "None",
      "depreciationAndAmortization": "101000000",
      "incomeBeforeTax": "546000000",
      "incomeTaxExpense": "-1232000000",
      "interestAndDebtExpense": "None",
      "netIncomeFromContinuingOperations": "1778000000",
      "comprehensiveIncomeNetOfTax": "None",
      "ebit": "570000000",
      "ebitda": "671000000",
      "netIncome": "1781000000"
    },
    {
      "fiscalDateEnding": "2020-09-30",
      "reportedCurrency": "USD",
      "grossProfit": "1230000000",
      "totalRevenue": "2801000000",
      "costOfRevenue": "1571000000",
      "costofGoodsAndServicesSold": "1571000000",
      "operatingIncome": "449000000",
      "sellingGeneralAndAdministrative": "273000000",
      "researchAndDevelopment": "508000000",
      "operatingExpenses": "781000000",
      "investmentIncomeNet": "None",
      "netInterestIncome": "-11000000",
      "interestIncome": "None",
      "interestExpense": "11000000",
      "nonInterestIncome": "None",
      "otherNonOperatingIncome": "-36000000",
      "depreciation": "None",
      "depreciationAndAmortization": "93000000",
      "incomeBeforeTax": "401000000",
      "incomeTaxExpense": "12000000",
      "interestAndDebtExpense": "None",
      "netIncomeFromContinuingOperations": "389000000",
      "comprehensiveIncomeNetOfTax": "None",
      "ebit": "449000000",
      "ebitda": "542000000",
      "netIncome": "390000000"
    },
    {
      "fiscalDateEnding": "2020-06-30",
      "reportedCurrency": "USD",
      "grossProfit": "848000000",
      "totalRevenue": "1932000000",
      "costOfRevenue": "1084000000",
      "costofGoodsAndServicesSold": "1084000000",
      "operatingIncome": "173000000",
      "sellingGeneralAndAdministrative": "215000000",
      "researchAndDevelopment": "460000000",
      "operatingExpenses": "675000000",
      "investmentIncomeNet": "None",
      "netInterestIncome": "-14000000",
      "interestIncome": "14000000",
      "interestExpense": "14000000",
      "nonInterestIncome": "None",
      "otherNonOperatingIncome": "2000000",
      "depreciation": "None",
      "depreciationAndAmortization": "82000000",
      "incomeBeforeTax": "160000000",
      "incomeTaxExpense": "4000000",
      "interestAndDebtExpense": "None",
      "netIncomeFromContinuingOperations": "156000000",
      "comprehensiveIncomeNetOfTax": "None",
      "ebit": "173000000",
      "ebitda": "255000000",
      "netIncome": "157000000"
    },
    {
      "fiscalDateEnding": "2020-03-31",
      "reportedCurrency": "USD",
      "grossProfit": "818000000",
      "totalRevenue": "1786000000",
      "costOfRevenue": "968000000",
      "costofGoodsAndServicesSold": "968000000",
      "operatingIncome": "177000000",
      "sellingGeneralAndAdministrative": "199000000",
      "researchAndDevelopment": "442000000",
      "operatingExpenses": "641000000",
      "investmentIncomeNet": "None",
      "netInterestIncome": "-13000000",
      "interestIncome": "None",
      "interestExpense": "13000000",
      "nonInterestIncome": "None",
      "otherNonOperatingIncome": "4000000",
      "depreciation": "None",
      "depreciationAndAmortization": "78000000",
      "incomeBeforeTax": "168000000",
      "incomeTaxExpense": "6000000",
      "interestAndDebtExpense": "None",
      "netIncomeFromContinuingOperations": "162000000",
      "comprehensiveIncomeNetOfTax": "None",
      "ebit": "177000000",
      "ebitda": "255000000",
      "netIncome": "162000000"
    },
    {
      "fiscalDateEnding": "2019-12-31",
      "reportedCurrency": "USD",
      "grossProfit": "949000000",
      "totalRevenue": "2127000000",
      "costOfRevenue": "1178000000",
      "costofGoodsAndServicesSold": "1178000000",
      "operatingIncome": "348000000",
      "sellingGeneralAndAdministrative": "206000000",
      "researchAndDevelopment": "395000000",
      "operatingExpenses": "601000000",
      "investmentIncomeNet": "None",
      "netInterestIncome": "-3000000",
      "interestIncome": "None",
      "interestExpense": "18000000",
      "nonInterestIncome": "None",
      "otherNonOperatingIncome": "-125000000",
      "depreciation": "None",
      "depreciationAndAmortization": "73000000",
      "incomeBeforeTax": "205000000",
      "incomeTaxExpense": "35000000",
      "interestAndDebtExpense": "None",
      "netIncomeFromContinuingOperations": "170000000",
      "comprehensiveIncomeNetOfTax": "None",
      "ebit": "348000000",
      "ebitda": "421000000",
      "netIncome": "170000000"
    },
    {
      "fiscalDateEnding": "2019-09-30",
      "reportedCurrency": "USD",
      "grossProfit": "777000000",
      "totalRevenue": "1801000000",
      "costOfRevenue": "1024000000",
      "costofGoodsAndServicesSold": "1024000000",
      "operatingIncome": "186000000",
      "sellingGeneralAndAdministrative": "185000000",
      "researchAndDevelopment": "406000000",
      "operatingExpenses": "591000000",
      "investmentIncomeNet": "None",
      "netInterestIncome": "-24000000",
      "interestIncome": "None",
      "interestExpense": "24000000",
      "nonInterestIncome": "None",
      "otherNonOperatingIncome": "-35000000",
      "depreciation": "None",
      "depreciationAndAmortization": "69000000",
      "incomeBeforeTax": "126000000",
      "incomeTaxExpense": "7000000",
      "interestAndDebtExpense": "None",
      "netIncomeFromContinuingOperations": "119000000",
      "comprehensiveIncomeNetOfTax": "None",
      "ebit": "186000000",
      "ebitda": "255000000",
      "netIncome": "120000000"
    },
    {
      "fiscalDateEnding": "2019-06-30",
      "reportedCurrency": "USD",
      "grossProfit": "621000000",
      "totalRevenue": "1531000000",
      "costOfRevenue": "910000000",
      "costofGoodsAndServicesSold": "910000000",
      "operatingIncome": "59000000",
      "sellingGeneralAndAdministrative": "189000000",
      "researchAndDevelopment": "373000000",
      "operatingExpenses": "562000000",
      "investmentIncomeNet": "None",
      "netInterestIncome": "-25000000",
      "interestIncome": "None",
      "interestExpense": "25000000",
      "nonInterestIncome": "None",
      "otherNonOperatingIncome": "3000000",
      "depreciation": "None",
      "depreciationAndAmortization": "70000000",
      "incomeBeforeTax": "37000000",
      "incomeTaxExpense": "2000000",
      "interestAndDebtExpense": "None",
      "netIncomeFromContinuingOperations": "35000000",
      "comprehensiveIncomeNetOfTax": "None",
      "ebit": "59000000",
      "ebitda": "129000000",
      "netIncome": "35000000"
    },
    {
      "fiscalDateEnding": "2019-03-31",
      "reportedCurrency": "USD",
      "grossProfit": "521000000",
      "totalRevenue": "1272000000",
      "costOfRevenue": "751000000",
      "costofGoodsAndServicesSold": "751000000",
      "operatingIncome": "38000000",
      "sellingGeneralAndAdministrative": "170000000",
      "researchAndDevelopment": "373000000",
      "operatingExpenses": "483000000",
      "investmentIncomeNet": "None",
      "netInterestIncome": "-27000000",
      "interestIncome": "None",
      "interestExpense": "27000000",
      "nonInterestIncome": "None",
      "otherNonOperatingIncome": "-8000000",
      "depreciation": "None",
      "depreciationAndAmortization": "46000000",
      "incomeBeforeTax": "4000000",
      "incomeTaxExpense": "-13000000",
      "interestAndDebtExpense": "None",
      "netIncomeFromContinuingOperations": "17000000",
      "comprehensiveIncomeNetOfTax": "None",
      "ebit": "38000000",
      "ebitda": "84000000",
      "netIncome": "16000000"
    },
    {
      "fiscalDateEnding": "2018-12-31",
      "reportedCurrency": "USD",
      "grossProfit": "537000000",
      "totalRevenue": "1419000000",
      "costOfRevenue": "882000000",
      "costofGoodsAndServicesSold": "882000000",
      "operatingIncome": "28000000",
      "sellingGeneralAndAdministrative": "138000000",
      "researchAndDevelopment": "371000000",
      "operatingExpenses": "509000000",
      "investmentIncomeNet": "None",
      "netInterestIncome": "None",
      "interestIncome": "None",
      "interestExpense": "29000000",
      "nonInterestIncome": "None",
      "otherNonOperatingIncome": "4000000",
      "depreciation": "None",
      "depreciationAndAmortization": "43000000",
      "incomeBeforeTax": "3000000",
      "incomeTaxExpense": "-35000000",
      "interestAndDebtExpense": "None",
      "netIncomeFromContinuingOperations": "38000000",
      "comprehensiveIncomeNetOfTax": "None",
      "ebit": "28000000",
      "ebitda": "71000000",
      "netIncome": "38000000"
    },
    {
      "fiscalDateEnding": "2018-09-30",
      "reportedCurrency": "USD",
      "grossProfit": "661000000",
      "totalRevenue": "1653000000",
      "costOfRevenue": "992000000",
      "costofGoodsAndServicesSold": "992000000",
      "operatingIncome": "150000000",
      "sellingGeneralAndAdministrative": "148000000",
      "researchAndDevelopment": "363000000",
      "operatingExpenses": "511000000",
      "investmentIncomeNet": "None",
      "netInterestIncome": "None",
      "interestIncome": "None",
      "interestExpense": "30000000",
      "nonInterestIncome": "None",
      "otherNonOperatingIncome": "-6000000",
      "depreciation": "None",
      "depreciationAndAmortization": "41000000",
      "incomeBeforeTax": "114000000",
      "incomeTaxExpense": "12000000",
      "interestAndDebtExpense": "None",
      "netIncomeFromContinuingOperations": "102000000",
      "comprehensiveIncomeNetOfTax": "None",
      "ebit": "150000000",
      "ebitda": "191000000",
      "netIncome": "102000000"
    },
    {
      "fiscalDateEnding": "2018-06-30",
      "reportedCurrency": "USD",
      "grossProfit": "652000000",
      "totalRevenue": "1756000000",
      "costOfRevenue": "1104000000",
      "costofGoodsAndServicesSold": "1104000000",
      "operatingIncome": "153000000",
      "sellingGeneralAndAdministrative": "142000000",
      "researchAndDevelopment": "357000000",
      "operatingExpenses": "499000000",
      "investmentIncomeNet": "None",
      "netInterestIncome": "None",
      "interestIncome": "None",
      "interestExpense": "31000000",
      "nonInterestIncome": "None",
      "otherNonOperatingIncome": "None",
      "depreciation": "None",
      "depreciationAndAmortization": "42000000",
      "incomeBeforeTax": "123000000",
      "incomeTaxExpense": "6000000",
      "interestAndDebtExpense": "None",
      "netIncomeFromContinuingOperations": "117000000",
      "comprehensiveIncomeNetOfTax": "None",
      "ebit": "153000000",
      "ebitda": "195000000",
      "netIncome": "116000000"
    },
    {
      "fiscalDateEnding": "2018-03-31",
      "reportedCurrency": "USD",
      "grossProfit": "597000000",
      "totalRevenue": "1647000000",
      "costOfRevenue": "1050000000",
      "costofGoodsAndServicesSold": "1050000000",
      "operatingIncome": "120000000",
      "sellingGeneralAndAdministrative": "134000000",
      "researchAndDevelopment": "343000000",
      "operatingExpenses": "477000000",
      "investmentIncomeNet": "None",
      "netInterestIncome": "None",
      "interestIncome": "None",
      "interestExpense": "31000000",
      "nonInterestIncome": "None",
      "otherNonOperatingIncome": "None",
      "depreciation": "None",
      "depreciationAndAmortization": "44000000",
      "incomeBeforeTax": "90000000",
      "incomeTaxExpense": "8000000",
      "interestAndDebtExpense": "None",
      "netIncomeFromContinuingOperations": "82000000",
      "comprehensiveIncomeNetOfTax": "None",
      "ebit": "120000000",
      "ebitda": "164000000",
      "netIncome": "81000000"
    },
    {
      "fiscalDateEnding": "2017-12-31",
      "reportedCurrency": "USD",
      "grossProfit": "515000000",
      "totalRevenue": "1480000000",
      "costOfRevenue": "965000000",
      "costofGoodsAndServicesSold": "965000000",
      "operatingIncome": "82000000",
      "sellingGeneralAndAdministrative": "134000000",
      "researchAndDevelopment": "300000000",
      "operatingExpenses": "433000000",
      "investmentIncomeNet": "None",
      "netInterestIncome": "None",
      "interestIncome": "None",
      "interestExpense": "31000000",
      "nonInterestIncome": "None",
      "otherNonOperatingIncome": "2000000",
      "depreciation": "None",
      "depreciationAndAmortization": "39000000",
      "incomeBeforeTax": "53000000",
      "incomeTaxExpense": "-8000000",
      "interestAndDebtExpense": "None",
      "netIncomeFromContinuingOperations": "61000000",
      "comprehensiveIncomeNetOfTax": "None",
      "ebit": "82000000",
      "ebitda": "121000000",
      "netIncome": "61000000"
    },
    {
      "fiscalDateEnding": "2017-09-30",
      "reportedCurrency": "USD",
      "grossProfit": "573000000",
      "totalRevenue": "1643000000",
      "costOfRevenue": "1070000000",
      "costofGoodsAndServicesSold": "1070000000",
      "operatingIncome": "126000000",
      "sellingGeneralAndAdministrative": "132000000",
      "researchAndDevelopment": "315000000",
      "operatingExpenses": "447000000",
      "investmentIncomeNet": "None",
      "netInterestIncome": "None",
      "interestIncome": "None",
      "interestExpense": "31000000",
      "nonInterestIncome": "None",
      "otherNonOperatingIncome": "-5000000",
      "depreciation": "None",
      "depreciationAndAmortization": "36000000",
      "incomeBeforeTax": "92000000",
      "incomeTaxExpense": "19000000",
      "interestAndDebtExpense": "None",
      "netIncomeFromContinuingOperations": "73000000",
      "comprehensiveIncomeNetOfTax": "None",
      "ebit": "126000000",
      "ebitda": "162000000",
      "netIncome": "71000000"
    },
    {
      "fiscalDateEnding": "2017-06-30",
      "reportedCurrency": "USD",
      "grossProfit": "404000000",
      "totalRevenue": "1222000000",
      "costOfRevenue": "818000000",
      "costofGoodsAndServicesSold": "818000000",
      "operatingIncome": "25000000",
      "sellingGeneralAndAdministrative": "127000000",
      "researchAndDevelopment": "279000000",
      "operatingExpenses": "379000000",
      "investmentIncomeNet": "None",
      "netInterestIncome": "None",
      "interestIncome": "None",
      "interestExpense": "32000000",
      "nonInterestIncome": "None",
      "otherNonOperatingIncome": "-6000000",
      "depreciation": "None",
      "depreciationAndAmortization": "35000000",
      "incomeBeforeTax": "-10000000",
      "incomeTaxExpense": "3000000",
      "interestAndDebtExpense": "None",
      "netIncomeFromContinuingOperations": "-13000000",
      "comprehensiveIncomeNetOfTax": "None",
      "ebit": "25000000",
      "ebitda": "60000000",
      "netIncome": "-16000000"
    },
    {
      "fiscalDateEnding": "2017-03-31",
      "reportedCurrency": "USD",
      "grossProfit": "331000000",
      "totalRevenue": "984000000",
      "costOfRevenue": "653000000",
      "costofGoodsAndServicesSold": "653000000",
      "operatingIncome": "-29000000",
      "sellingGeneralAndAdministrative": "123000000",
      "researchAndDevelopment": "266000000",
      "operatingExpenses": "360000000",
      "investmentIncomeNet": "None",
      "netInterestIncome": "None",
      "interestIncome": "None",
      "interestExpense": "32000000",
      "nonInterestIncome": "None",
      "otherNonOperatingIncome": "-7000000",
      "depreciation": "None",
      "depreciationAndAmortization": "34000000",
      "incomeBeforeTax": "-66000000",
      "incomeTaxExpense": "5000000",
      "interestAndDebtExpense": "None",
      "netIncomeFromContinuingOperations": "-71000000",
      "comprehensiveIncomeNetOfTax": "None",
      "ebit": "-29000000",
      "ebitda": "5000000",
      "netIncome": "-73000000"
    },
    {
      "fiscalDateEnding": "2016-12-31",
      "reportedCurrency": "USD",
      "grossProfit": "351000000",
      "totalRevenue": "1106000000",
      "costOfRevenue": "755000000",
      "costofGoodsAndServicesSold": "755000000",
      "operatingIncome": "-3000000",
      "sellingGeneralAndAdministrative": "121000000",
      "researchAndDevelopment": "264000000",
      "operatingExpenses": "354000000",
      "investmentIncomeNet": "None",
      "netInterestIncome": "None",
      "interestIncome": "None",
      "interestExpense": "34000000",
      "nonInterestIncome": "None",
      "otherNonOperatingIncome": "-9000000",
      "depreciation": "None",
      "depreciationAndAmortization": "34000000",
      "incomeBeforeTax": "-44000000",
      "incomeTaxExpense": "5000000",
      "interestAndDebtExpense": "None",
      "netIncomeFromContinuingOperations": "-49000000",
      "comprehensiveIncomeNetOfTax": "None",
      "ebit": "-3000000",
      "ebitda": "31000000",
      "netIncome": "-51000000"
    },
    {
      "fiscalDateEnding": "2016-09-30",
      "reportedCurrency": "USD",
      "grossProfit": "59000000",
      "totalRevenue": "1307000000",
      "costOfRevenue": "1248000000",
      "costofGoodsAndServicesSold": "1248000000",
      "operatingIncome": "-293000000",
      "sellingGeneralAndAdministrative": "117000000",
      "researchAndDevelopment": "259000000",
      "operatingExpenses": "352000000",
      "investmentIncomeNet": "None",
      "netInterestIncome": "None",
      "interestIncome": "None",
      "interestExpense": "41000000",
      "nonInterestIncome": "None",
      "otherNonOperatingIncome": "-68000000",
      "depreciation": "None",
      "depreciationAndAmortization": "33000000",
      "incomeBeforeTax": "-397000000",
      "incomeTaxExpense": "4000000",
      "interestAndDebtExpense": "None",
      "netIncomeFromContinuingOperations": "-401000000",
      "comprehensiveIncomeNetOfTax": "None",
      "ebit": "-293000000",
      "ebitda": "-260000000",
      "netIncome": "-406000000"
    },
    {
      "fiscalDateEnding": "2016-06-30",
      "reportedCurrency": "USD",
      "grossProfit": "319000000",
      "totalRevenue": "1027000000",
      "costOfRevenue": "708000000",
      "costofGoodsAndServicesSold": "708000000",
      "operatingIncome": "-8000000",
      "sellingGeneralAndAdministrative": "117000000",
      "researchAndDevelopment": "243000000",
      "operatingExpenses": "334000000",
      "investmentIncomeNet": "None",
      "netInterestIncome": "None",
      "interestIncome": "None",
      "interestExpense": "41000000",
      "nonInterestIncome": "None",
      "otherNonOperatingIncome": "147000000",
      "depreciation": "None",
      "depreciationAndAmortization": "33000000",
      "incomeBeforeTax": "101000000",
      "incomeTaxExpense": "29000000",
      "interestAndDebtExpense": "None",
      "netIncomeFromContinuingOperations": "72000000",
      "comprehensiveIncomeNetOfTax": "None",
      "ebit": "-8000000",
      "ebitda": "25000000",
      "netIncome": "69000000"
    },
    {
      "fiscalDateEnding": "2016-03-31",
      "reportedCurrency": "USD",
      "grossProfit": "269000000",
      "totalRevenue": "832000000",
      "costOfRevenue": "563000000",
      "costofGoodsAndServicesSold": "563000000",
      "operatingIncome": "-68000000",
      "sellingGeneralAndAdministrative": "105000000",
      "researchAndDevelopment": "242000000",
      "operatingExpenses": "340000000",
      "investmentIncomeNet": "None",
      "netInterestIncome": "None",
      "interestIncome": "None",
      "interestExpense": "40000000",
      "nonInterestIncome": "None",
      "otherNonOperatingIncome": "None",
      "depreciation": "None",
      "depreciationAndAmortization": "33000000",
      "incomeBeforeTax": "-108000000",
      "incomeTaxExpense": "1000000",
      "interestAndDebtExpense": "None",
      "netIncomeFromContinuingOperations": "-109000000",
      "comprehensiveIncomeNetOfTax": "None",
      "ebit": "-68000000",
      "ebitda": "-35000000",
      "netIncome": "-109000000"
    },
    {
      "fiscalDateEnding": "2015-12-31",
      "reportedCurrency": "USD",
      "grossProfit": "283000000",
      "totalRevenue": "958000000",
      "costOfRevenue": "675000000",
      "costofGoodsAndServicesSold": "675000000",
      "operatingIncome": "-49000000",
      "sellingGeneralAndAdministrative": "107000000",
      "researchAndDevelopment": "229000000",
      "operatingExpenses": "338000000",
      "investmentIncomeNet": "None",
      "netInterestIncome": "None",
      "interestIncome": "None",
      "interestExpense": "41000000",
      "nonInterestIncome": "None",
      "otherNonOperatingIncome": "-2000000",
      "depreciation": "None",
      "depreciationAndAmortization": "34000000",
      "incomeBeforeTax": "-92000000",
      "incomeTaxExpense": "10000000",
      "interestAndDebtExpense": "None",
      "netIncomeFromContinuingOperations": "-102000000",
      "comprehensiveIncomeNetOfTax": "None",
      "ebit": "-49000000",
      "ebitda": "-15000000",
      "netIncome": "-102000000"
    },
    {
      "fiscalDateEnding": "2015-09-30",
      "reportedCurrency": "USD",
      "grossProfit": "239000000",
      "totalRevenue": "1061000000",
      "costOfRevenue": "822000000",
      "costofGoodsAndServicesSold": "822000000",
      "operatingIncome": "-158000000",
      "sellingGeneralAndAdministrative": "106000000",
      "researchAndDevelopment": "241000000",
      "operatingExpenses": "349000000",
      "investmentIncomeNet": "None",
      "netInterestIncome": "None",
      "interestIncome": "None",
      "interestExpense": "39000000",
      "nonInterestIncome": "None",
      "otherNonOperatingIncome": "None",
      "depreciation": "None",
      "depreciationAndAmortization": "42000000",
      "incomeBeforeTax": "-197000000",
      "incomeTaxExpense": "48000000",
      "interestAndDebtExpense": "None",
      "netIncomeFromContinuingOperations": "-197000000",
      "comprehensiveIncomeNetOfTax": "None",
      "ebit": "-158000000",
      "ebitda": "-116000000",
      "netIncome": "-197000000"
    },
    {
      "fiscalDateEnding": "2015-06-30",
      "reportedCurrency": "USD",
      "grossProfit": "232000000",
      "totalRevenue": "942000000",
      "costOfRevenue": "710000000",
      "costofGoodsAndServicesSold": "710000000",
      "operatingIncome": "-137000000",
      "sellingGeneralAndAdministrative": "132000000",
      "researchAndDevelopment": "235000000",
      "operatingExpenses": "369000000",
      "investmentIncomeNet": "None",
      "netInterestIncome": "None",
      "interestIncome": "None",
      "interestExpense": "40000000",
      "nonInterestIncome": "None",
      "otherNonOperatingIncome": "-3000000",
      "depreciation": "None",
      "depreciationAndAmortization": "45000000",
      "incomeBeforeTax": "-180000000",
      "incomeTaxExpense": "1000000",
      "interestAndDebtExpense": "None",
      "netIncomeFromContinuingOperations": "-181000000",
      "comprehensiveIncomeNetOfTax": "None",
      "ebit": "-137000000",
      "ebitda": "-92000000",
      "netIncome": "-181000000"
    },
    {
      "fiscalDateEnding": "2015-03-31",
      "reportedCurrency": "USD",
      "grossProfit": "326000000",
      "totalRevenue": "1030000000",
      "costOfRevenue": "704000000",
      "costofGoodsAndServicesSold": "704000000",
      "operatingIncome": "-137000000",
      "sellingGeneralAndAdministrative": "130000000",
      "researchAndDevelopment": "242000000",
      "operatingExpenses": "376000000",
      "investmentIncomeNet": "None",
      "netInterestIncome": "None",
      "interestIncome": "None",
      "interestExpense": "40000000",
      "nonInterestIncome": "None",
      "otherNonOperatingIncome": "None",
      "depreciation": "None",
      "depreciationAndAmortization": "46000000",
      "incomeBeforeTax": "-177000000",
      "incomeTaxExpense": "3000000",
      "interestAndDebtExpense": "None",
      "netIncomeFromContinuingOperations": "-180000000",
      "comprehensiveIncomeNetOfTax": "None",
      "ebit": "-137000000",
      "ebitda": "-91000000",
      "netIncome": "-180000000"
    },
    {
      "fiscalDateEnding": "2014-12-31",
      "reportedCurrency": "USD",
      "grossProfit": "360000000",
      "totalRevenue": "1239000000",
      "costOfRevenue": "879000000",
      "costofGoodsAndServicesSold": "879000000",
      "operatingIncome": "-330000000",
      "sellingGeneralAndAdministrative": "149000000",
      "researchAndDevelopment": "238000000",
      "operatingExpenses": "386000000",
      "investmentIncomeNet": "None",
      "netInterestIncome": "None",
      "interestIncome": "None",
      "interestExpense": "41000000",
      "nonInterestIncome": "None",
      "otherNonOperatingIncome": "4000000",
      "depreciation": "None",
      "depreciationAndAmortization": "48000000",
      "incomeBeforeTax": "-367000000",
      "incomeTaxExpense": "-3000000",
      "interestAndDebtExpense": "None",
      "netIncomeFromContinuingOperations": "-354000000",
      "comprehensiveIncomeNetOfTax": "None",
      "ebit": "-330000000",
      "ebitda": "-282000000",
      "netIncome": "-364000000"
    },
    {
      "fiscalDateEnding": "2014-09-30",
      "reportedCurrency": "USD",
      "grossProfit": "494000000",
      "totalRevenue": "1429000000",
      "costOfRevenue": "935000000",
      "costofGoodsAndServicesSold": "935000000",
      "operatingIncome": "63000000",
      "sellingGeneralAndAdministrative": "149000000",
      "researchAndDevelopment": "278000000",
      "operatingExpenses": "431000000",
      "investmentIncomeNet": "None",
      "netInterestIncome": "None",
      "interestIncome": "None",
      "interestExpense": "43000000",
      "nonInterestIncome": "None",
      "otherNonOperatingIncome": "-1000000",
      "depreciation": "None",
      "depreciationAndAmortization": "49000000",
      "incomeBeforeTax": "19000000",
      "incomeTaxExpense": "2000000",
      "interestAndDebtExpense": "None",
      "netIncomeFromContinuingOperations": "17000000",
      "comprehensiveIncomeNetOfTax": "None",
      "ebit": "63000000",
      "ebitda": "112000000",
      "netIncome": "17000000"
    },
    {
      "fiscalDateEnding": "2014-06-30",
      "reportedCurrency": "USD",
      "grossProfit": "498000000",
      "totalRevenue": "1441000000",
      "costOfRevenue": "943000000",
      "costofGoodsAndServicesSold": "943000000",
      "operatingIncome": "63000000",
      "sellingGeneralAndAdministrative": "154000000",
      "researchAndDevelopment": "277000000",
      "operatingExpenses": "435000000",
      "investmentIncomeNet": "None",
      "netInterestIncome": "None",
      "interestIncome": "None",
      "interestExpense": "46000000",
      "nonInterestIncome": "None",
      "otherNonOperatingIncome": "-49000000",
      "depreciation": "None",
      "depreciationAndAmortization": "53000000",
      "incomeBeforeTax": "-32000000",
      "incomeTaxExpense": "4000000",
      "interestAndDebtExpense": "None",
      "netIncomeFromContinuingOperations": "-36000000",
      "comprehensiveIncomeNetOfTax": "None",
      "ebit": "63000000",
      "ebitda": "116000000",
      "netIncome": "-36000000"
    },
    {
      "fiscalDateEnding": "2014-03-31",
      "reportedCurrency": "USD",
      "grossProfit": "487000000",
      "totalRevenue": "1397000000",
      "costOfRevenue": "910000000",
      "costofGoodsAndServicesSold": "910000000",
      "operatingIncome": "49000000",
      "sellingGeneralAndAdministrative": "155000000",
      "researchAndDevelopment": "279000000",
      "operatingExpenses": "438000000",
      "investmentIncomeNet": "None",
      "netInterestIncome": "None",
      "interestIncome": "None",
      "interestExpense": "47000000",
      "nonInterestIncome": "None",
      "otherNonOperatingIncome": "-20000000",
      "depreciation": "None",
      "depreciationAndAmortization": "53000000",
      "incomeBeforeTax": "-18000000",
      "incomeTaxExpense": "2000000",
      "interestAndDebtExpense": "None",
      "netIncomeFromContinuingOperations": "-20000000",
      "comprehensiveIncomeNetOfTax": "None",
      "ebit": "49000000",
      "ebitda": "102000000",
      "netIncome": "-20000000"
    },
    {
      "fiscalDateEnding": "2013-12-31",
      "reportedCurrency": "USD",
      "grossProfit": "553000000",
      "totalRevenue": "1589000000",
      "costOfRevenue": "1036000000",
      "costofGoodsAndServicesSold": "1036000000",
      "operatingIncome": "135000000",
      "sellingGeneralAndAdministrative": "169000000",
      "researchAndDevelopment": "293000000",
      "operatingExpenses": "466000000",
      "investmentIncomeNet": "None",
      "netInterestIncome": "None",
      "interestIncome": "None",
      "interestExpense": "44000000",
      "nonInterestIncome": "None",
      "otherNonOperatingIncome": "-1000000",
      "depreciation": "None",
      "depreciationAndAmortization": "54000000",
      "incomeBeforeTax": "90000000",
      "incomeTaxExpense": "1000000",
      "interestAndDebtExpense": "None",
      "netIncomeFromContinuingOperations": "89000000",
      "comprehensiveIncomeNetOfTax": "None",
      "ebit": "135000000",
      "ebitda": "189000000",
      "netIncome": "89000000"
    },
    {
      "fiscalDateEnding": "2013-09-30",
      "reportedCurrency": "USD",
      "grossProfit": "521000000",
      "totalRevenue": "1461000000",
      "costOfRevenue": "940000000",
      "costofGoodsAndServicesSold": "940000000",
      "operatingIncome": "95000000",
      "sellingGeneralAndAdministrative": "155000000",
      "researchAndDevelopment": "288000000",
      "operatingExpenses": "448000000",
      "investmentIncomeNet": "None",
      "netInterestIncome": "None",
      "interestIncome": "None",
      "interestExpense": "47000000",
      "nonInterestIncome": "None",
      "otherNonOperatingIncome": "3000000",
      "depreciation": "None",
      "depreciationAndAmortization": "57000000",
      "incomeBeforeTax": "51000000",
      "incomeTaxExpense": "3000000",
      "interestAndDebtExpense": "None",
      "netIncomeFromContinuingOperations": "48000000",
      "comprehensiveIncomeNetOfTax": "None",
      "ebit": "95000000",
      "ebitda": "152000000",
      "netIncome": "48000000"
    },
    {
      "fiscalDateEnding": "2013-06-30",
      "reportedCurrency": "USD",
      "grossProfit": "459000000",
      "totalRevenue": "1161000000",
      "costOfRevenue": "702000000",
      "costofGoodsAndServicesSold": "702000000",
      "operatingIncome": "-29000000",
      "sellingGeneralAndAdministrative": "171000000",
      "researchAndDevelopment": "308000000",
      "operatingExpenses": "483000000",
      "investmentIncomeNet": "None",
      "netInterestIncome": "None",
      "interestIncome": "None",
      "interestExpense": "42000000",
      "nonInterestIncome": "None",
      "otherNonOperatingIncome": "None",
      "depreciation": "None",
      "depreciationAndAmortization": "59000000",
      "incomeBeforeTax": "-71000000",
      "incomeTaxExpense": "3000000",
      "interestAndDebtExpense": "None",
      "netIncomeFromContinuingOperations": "-74000000",
      "comprehensiveIncomeNetOfTax": "None",
      "ebit": "-29000000",
      "ebitda": "30000000",
      "netIncome": "-74000000"
    },
    {
      "fiscalDateEnding": "2013-03-31",
      "reportedCurrency": "USD",
      "grossProfit": "445000000",
      "totalRevenue": "1088000000",
      "costOfRevenue": "643000000",
      "costofGoodsAndServicesSold": "643000000",
      "operatingIncome": "-98000000",
      "sellingGeneralAndAdministrative": "179000000",
      "researchAndDevelopment": "312000000",
      "operatingExpenses": "496000000",
      "investmentIncomeNet": "None",
      "netInterestIncome": "None",
      "interestIncome": "None",
      "interestExpense": "44000000",
      "nonInterestIncome": "None",
      "otherNonOperatingIncome": "-2000000",
      "depreciation": "None",
      "depreciationAndAmortization": "66000000",
      "incomeBeforeTax": "-144000000",
      "incomeTaxExpense": "2000000",
      "interestAndDebtExpense": "None",
      "netIncomeFromContinuingOperations": "-146000000",
      "comprehensiveIncomeNetOfTax": "None",
      "ebit": "-98000000",
      "ebitda": "-32000000",
      "netIncome": "-146000000"
    },
    {
      "fiscalDateEnding": "2012-12-31",
      "reportedCurrency": "USD",
      "grossProfit": "178000000",
      "totalRevenue": "1155000000",
      "costOfRevenue": "977000000",
      "costofGoodsAndServicesSold": "977000000",
      "operatingIncome": "-422000000",
      "sellingGeneralAndAdministrative": "193000000",
      "researchAndDevelopment": "313000000",
      "operatingExpenses": "510000000",
      "investmentIncomeNet": "None",
      "netInterestIncome": "None",
      "interestIncome": "None",
      "interestExpense": "45000000",
      "nonInterestIncome": "None",
      "otherNonOperatingIncome": "-2000000",
      "depreciation": "None",
      "depreciationAndAmortization": "66000000",
      "incomeBeforeTax": "-469000000",
      "incomeTaxExpense": "4000000",
      "interestAndDebtExpense": "None",
      "netIncomeFromContinuingOperations": "-473000000",
      "comprehensiveIncomeNetOfTax": "None",
      "ebit": "-422000000",
      "ebitda": "-356000000",
      "netIncome": "-473000000"
    },
    {
      "fiscalDateEnding": "2012-09-30",
      "reportedCurrency": "USD",
      "grossProfit": "392000000",
      "totalRevenue": "1269000000",
      "costOfRevenue": "877000000",
      "costofGoodsAndServicesSold": "877000000",
      "operatingIncome": "-131000000",
      "sellingGeneralAndAdministrative": "188000000",
      "researchAndDevelopment": "328000000",
      "operatingExpenses": "520000000",
      "investmentIncomeNet": "None",
      "netInterestIncome": "None",
      "interestIncome": "None",
      "interestExpense": "44000000",
      "nonInterestIncome": "None",
      "otherNonOperatingIncome": "18000000",
      "depreciation": "None",
      "depreciationAndAmortization": "66000000",
      "incomeBeforeTax": "-157000000",
      "incomeTaxExpense": "-13000000",
      "interestAndDebtExpense": "None",
      "netIncomeFromContinuingOperations": "-157000000",
      "comprehensiveIncomeNetOfTax": "None",
      "ebit": "-131000000",
      "ebitda": "-65000000",
      "netIncome": "-157000000"
    },
    {
      "fiscalDateEnding": "2012-06-30",
      "reportedCurrency": "USD",
      "grossProfit": "638000000",
      "totalRevenue": "1413000000",
      "costOfRevenue": "775000000",
      "costofGoodsAndServicesSold": "775000000",
      "operatingIncome": "77000000",
      "sellingGeneralAndAdministrative": "212000000",
      "researchAndDevelopment": "345000000",
      "operatingExpenses": "561000000",
      "investmentIncomeNet": "None",
      "netInterestIncome": "None",
      "interestIncome": "None",
      "interestExpense": "43000000",
      "nonInterestIncome": "None",
      "otherNonOperatingIncome": "-3000000",
      "depreciation": "None",
      "depreciationAndAmortization": "65000000",
      "incomeBeforeTax": "31000000",
      "incomeTaxExpense": "-6000000",
      "interestAndDebtExpense": "None",
      "netIncomeFromContinuingOperations": "37000000",
      "comprehensiveIncomeNetOfTax": "None",
      "ebit": "77000000",
      "ebitda": "142000000",
      "netIncome": "37000000"
    },
    {
      "fiscalDateEnding": "2012-03-31",
      "reportedCurrency": "USD",
      "grossProfit": "27000000",
      "totalRevenue": "1585000000",
      "costOfRevenue": "1558000000",
      "costofGoodsAndServicesSold": "1558000000",
      "operatingIncome": "-580000000",
      "sellingGeneralAndAdministrative": "230000000",
      "researchAndDevelopment": "368000000",
      "operatingExpenses": "599000000",
      "investmentIncomeNet": "None",
      "netInterestIncome": "None",
      "interestIncome": "None",
      "interestExpense": "43000000",
      "nonInterestIncome": "None",
      "otherNonOperatingIncome": "1000000",
      "depreciation": "None",
      "depreciationAndAmortization": "63000000",
      "incomeBeforeTax": "-622000000",
      "incomeTaxExpense": "-32000000",
      "interestAndDebtExpense": "None",
      "netIncomeFromContinuingOperations": "-590000000",
      "comprehensiveIncomeNetOfTax": "None",
      "ebit": "-580000000",
      "ebitda": "-517000000",
      "netIncome": "-590000000"
    },
    {
      "fiscalDateEnding": "2011-12-31",
      "reportedCurrency": "USD",
      "grossProfit": "773000000",
      "totalRevenue": "1691000000",
      "costOfRevenue": "918000000",
      "costofGoodsAndServicesSold": "918000000",
      "operatingIncome": "71000000",
      "sellingGeneralAndAdministrative": "243000000",
      "researchAndDevelopment": "358000000",
      "operatingExpenses": "604000000",
      "investmentIncomeNet": "None",
      "netInterestIncome": "None",
      "interestIncome": "None",
      "interestExpense": "43000000",
      "nonInterestIncome": "None",
      "otherNonOperatingIncome": "-205000000",
      "depreciation": "None",
      "depreciationAndAmortization": "70000000",
      "incomeBeforeTax": "-177000000",
      "incomeTaxExpense": "-4000000",
      "interestAndDebtExpense": "None",
      "netIncomeFromContinuingOperations": "-173000000",
      "comprehensiveIncomeNetOfTax": "None",
      "ebit": "71000000",
      "ebitda": "141000000",
      "netIncome": "-177000000"
    },
    {
      "fiscalDateEnding": "2011-09-30",
      "reportedCurrency": "USD",
      "grossProfit": "756000000",
      "totalRevenue": "1690000000",
      "costOfRevenue": "934000000",
      "costofGoodsAndServicesSold": "934000000",
      "operatingIncome": "138000000",
      "sellingGeneralAndAdministrative": "249000000",
      "researchAndDevelopment": "361000000",
      "operatingExpenses": "618000000",
      "investmentIncomeNet": "None",
      "netInterestIncome": "None",
      "interestIncome": "None",
      "interestExpense": "42000000",
      "nonInterestIncome": "None",
      "otherNonOperatingIncome": "-4000000",
      "depreciation": "None",
      "depreciationAndAmortization": "79000000",
      "incomeBeforeTax": "92000000",
      "incomeTaxExpense": "-5000000",
      "interestAndDebtExpense": "None",
      "netIncomeFromContinuingOperations": "97000000",
      "comprehensiveIncomeNetOfTax": "None",
      "ebit": "138000000",
      "ebitda": "217000000",
      "netIncome": "97000000"
    },
    {
      "fiscalDateEnding": "2011-06-30",
      "reportedCurrency": "USD",
      "grossProfit": "720000000",
      "totalRevenue": "1574000000",
      "costOfRevenue": "854000000",
      "costofGoodsAndServicesSold": "854000000",
      "operatingIncome": "105000000",
      "sellingGeneralAndAdministrative": "239000000",
      "researchAndDevelopment": "367000000",
      "operatingExpenses": "615000000",
      "investmentIncomeNet": "None",
      "netInterestIncome": "None",
      "interestIncome": "None",
      "interestExpense": "47000000",
      "nonInterestIncome": "None",
      "otherNonOperatingIncome": "6000000",
      "depreciation": "None",
      "depreciationAndAmortization": "80000000",
      "incomeBeforeTax": "64000000",
      "incomeTaxExpense": "3000000",
      "interestAndDebtExpense": "None",
      "netIncomeFromContinuingOperations": "61000000",
      "comprehensiveIncomeNetOfTax": "None",
      "ebit": "105000000",
      "ebitda": "185000000",
      "netIncome": "61000000"
    },
    {
      "fiscalDateEnding": "2011-03-31",
      "reportedCurrency": "USD",
      "grossProfit": "691000000",
      "totalRevenue": "1613000000",
      "costOfRevenue": "922000000",
      "costofGoodsAndServicesSold": "922000000",
      "operatingIncome": "54000000",
      "sellingGeneralAndAdministrative": "261000000",
      "researchAndDevelopment": "367000000",
      "operatingExpenses": "637000000",
      "investmentIncomeNet": "None",
      "netInterestIncome": "None",
      "interestIncome": "None",
      "interestExpense": "48000000",
      "nonInterestIncome": "None",
      "otherNonOperatingIncome": "506000000",
      "depreciation": "None",
      "depreciationAndAmortization": "88000000",
      "incomeBeforeTax": "20000000",
      "incomeTaxExpense": "2000000",
      "interestAndDebtExpense": "None",
      "netIncomeFromContinuingOperations": "18000000",
      "comprehensiveIncomeNetOfTax": "None",
      "ebit": "54000000",
      "ebitda": "142000000",
      "netIncome": "510000000"
    },
    {
      "fiscalDateEnding": "2010-12-31",
      "reportedCurrency": "USD",
      "grossProfit": "743000000",
      "totalRevenue": "1649000000",
      "costOfRevenue": "906000000",
      "costofGoodsAndServicesSold": "906000000",
      "operatingIncome": "413000000",
      "sellingGeneralAndAdministrative": "250000000",
      "researchAndDevelopment": "352000000",
      "operatingExpenses": "326000000",
      "investmentIncomeNet": "None",
      "netInterestIncome": "None",
      "interestIncome": "None",
      "interestExpense": "39000000",
      "nonInterestIncome": "None",
      "otherNonOperatingIncome": "None",
      "depreciation": "None",
      "depreciationAndAmortization": "89000000",
      "incomeBeforeTax": "390000000",
      "incomeTaxExpense": "42000000",
      "interestAndDebtExpense": "None",
      "netIncomeFromContinuingOperations": "0",
      "comprehensiveIncomeNetOfTax": "None",
      "ebit": "413000000",
      "ebitda": "502000000",
      "netIncome": "375000000"
    },
    {
      "fiscalDateEnding": "2010-09-30",
      "reportedCurrency": "USD",
      "grossProfit": "739000000",
      "totalRevenue": "1618000000",
      "costOfRevenue": "879000000",
      "costofGoodsAndServicesSold": "879000000",
      "operatingIncome": "128000000",
      "sellingGeneralAndAdministrative": "236000000",
      "researchAndDevelopment": "359000000",
      "operatingExpenses": "611000000",
      "investmentIncomeNet": "None",
      "netInterestIncome": "None",
      "interestIncome": "None",
      "interestExpense": "56000000",
      "nonInterestIncome": "None",
      "otherNonOperatingIncome": "-189000000",
      "depreciation": "None",
      "depreciationAndAmortization": "95000000",
      "incomeBeforeTax": "68000000",
      "incomeTaxExpense": "1000000",
      "interestAndDebtExpense": "None",
      "netIncomeFromContinuingOperations": "68000000",
      "comprehensiveIncomeNetOfTax": "None",
      "ebit": "128000000",
      "ebitda": "223000000",
      "netIncome": "-118000000"
    },
    {
      "fiscalDateEnding": "2010-06-30",
      "reportedCurrency": "USD",
      "grossProfit": "738000000",
      "totalRevenue": "1653000000",
      "costOfRevenue": "915000000",
      "costofGoodsAndServicesSold": "915000000",
      "operatingIncome": "125000000",
      "sellingGeneralAndAdministrative": "229000000",
      "researchAndDevelopment": "371000000",
      "operatingExpenses": "617000000",
      "investmentIncomeNet": "None",
      "netInterestIncome": "None",
      "interestIncome": "None",
      "interestExpense": "55000000",
      "nonInterestIncome": "None",
      "otherNonOperatingIncome": "-118000000",
      "depreciation": "None",
      "depreciationAndAmortization": "100000000",
      "incomeBeforeTax": "72000000",
      "incomeTaxExpense": "-5000000",
      "interestAndDebtExpense": "None",
      "netIncomeFromContinuingOperations": "77000000",
      "comprehensiveIncomeNetOfTax": "None",
      "ebit": "125000000",
      "ebitda": "225000000",
      "netIncome": "-43000000"
    },
    {
      "fiscalDateEnding": "2010-03-31",
      "reportedCurrency": "USD",
      "grossProfit": "741000000",
      "totalRevenue": "1574000000",
      "costOfRevenue": "833000000",
      "costofGoodsAndServicesSold": "833000000",
      "operatingIncome": "182000000",
      "sellingGeneralAndAdministrative": "219000000",
      "researchAndDevelopment": "323000000",
      "operatingExpenses": "559000000",
      "investmentIncomeNet": "None",
      "netInterestIncome": "None",
      "interestIncome": "None",
      "interestExpense": "49000000",
      "nonInterestIncome": "None",
      "otherNonOperatingIncome": "None",
      "depreciation": "None",
      "depreciationAndAmortization": "100000000",
      "incomeBeforeTax": "440000000",
      "incomeTaxExpense": "-121000000",
      "interestAndDebtExpense": "None",
      "netIncomeFromContinuingOperations": "0",
      "comprehensiveIncomeNetOfTax": "None",
      "ebit": "182000000",
      "ebitda": "282000000",
      "netIncome": "257000000"
    },
    {
      "fiscalDateEnding": "2009-12-31",
      "reportedCurrency": "USD",
      "grossProfit": "735000000",
      "totalRevenue": "1646000000",
      "costOfRevenue": "911000000",
      "costofGoodsAndServicesSold": "911000000",
      "operatingIncome": "1288000000",
      "sellingGeneralAndAdministrative": "239000000",
      "researchAndDevelopment": "432000000",
      "operatingExpenses": "-553000000",
      "investmentIncomeNet": "None",
      "netInterestIncome": "None",
      "interestIncome": "None",
      "interestExpense": "119000000",
      "nonInterestIncome": "None",
      "otherNonOperatingIncome": "None",
      "depreciation": "None",
      "depreciationAndAmortization": "284000000",
      "incomeBeforeTax": "1191000000",
      "incomeTaxExpense": "11000000",
      "interestAndDebtExpense": "None",
      "netIncomeFromContinuingOperations": "0",
      "comprehensiveIncomeNetOfTax": "None",
      "ebit": "1288000000",
      "ebitda": "1572000000",
      "netIncome": "1200000000"
    },
    {
      "fiscalDateEnding": "2009-09-30",
      "reportedCurrency": "USD",
      "grossProfit": "585000000",
      "totalRevenue": "1396000000",
      "costOfRevenue": "811000000",
      "costofGoodsAndServicesSold": "811000000",
      "operatingIncome": "-77000000",
      "sellingGeneralAndAdministrative": "221000000",
      "researchAndDevelopment": "420000000",
      "operatingExpenses": "658000000",
      "investmentIncomeNet": "None",
      "netInterestIncome": "None",
      "interestIncome": "None",
      "interestExpense": "114000000",
      "nonInterestIncome": "None",
      "otherNonOperatingIncome": "None",
      "depreciation": "None",
      "depreciationAndAmortization": "17000000",
      "incomeBeforeTax": "-140000000",
      "incomeTaxExpense": "-5000000",
      "interestAndDebtExpense": "None",
      "netIncomeFromContinuingOperations": "0",
      "comprehensiveIncomeNetOfTax": "None",
      "ebit": "-77000000",
      "ebitda": "-60000000",
      "netIncome": "-106000000"
    },
    {
      "fiscalDateEnding": "2009-06-30",
      "reportedCurrency": "USD",
      "grossProfit": "441000000",
      "totalRevenue": "1184000000",
      "costOfRevenue": "743000000",
      "costofGoodsAndServicesSold": "743000000",
      "operatingIncome": "-249000000",
      "sellingGeneralAndAdministrative": "247000000",
      "researchAndDevelopment": "425000000",
      "operatingExpenses": "689000000",
      "investmentIncomeNet": "None",
      "netInterestIncome": "None",
      "interestIncome": "None",
      "interestExpense": "108000000",
      "nonInterestIncome": "None",
      "otherNonOperatingIncome": "None",
      "depreciation": "None",
      "depreciationAndAmortization": "17000000",
      "incomeBeforeTax": "-345000000",
      "incomeTaxExpense": "-10000000",
      "interestAndDebtExpense": "None",
      "netIncomeFromContinuingOperations": "0",
      "comprehensiveIncomeNetOfTax": "None",
      "ebit": "-249000000",
      "ebitda": "-232000000",
      "netIncome": "-335000000"
    },
    {
      "fiscalDateEnding": "2009-03-31",
      "reportedCurrency": "USD",
      "grossProfit": "511000000",
      "totalRevenue": "1177000000",
      "costOfRevenue": "666000000",
      "costofGoodsAndServicesSold": "666000000",
      "operatingIncome": "-298000000",
      "sellingGeneralAndAdministrative": "287000000",
      "researchAndDevelopment": "444000000",
      "operatingExpenses": "749000000",
      "investmentIncomeNet": "None",
      "netInterestIncome": "None",
      "interestIncome": "None",
      "interestExpense": "97000000",
      "nonInterestIncome": "None",
      "otherNonOperatingIncome": "None",
      "depreciation": "None",
      "depreciationAndAmortization": "280000000",
      "incomeBeforeTax": "-298000000",
      "incomeTaxExpense": "116000000",
      "interestAndDebtExpense": "None",
      "netIncomeFromContinuingOperations": "0",
      "comprehensiveIncomeNetOfTax": "None",
      "ebit": "-298000000",
      "ebitda": "-18000000",
      "netIncome": "-408000000"
    },
    {
      "fiscalDateEnding": "2008-12-31",
      "reportedCurrency": "USD",
      "grossProfit": "115000000",
      "totalRevenue": "1227000000",
      "costOfRevenue": "1112000000",
      "costofGoodsAndServicesSold": "1112000000",
      "operatingIncome": "-1729000000",
      "sellingGeneralAndAdministrative": "317000000",
      "researchAndDevelopment": "529000000",
      "operatingExpenses": "1793000000",
      "investmentIncomeNet": "None",
      "netInterestIncome": "None",
      "interestIncome": "None",
      "interestExpense": "587000000",
      "nonInterestIncome": "None",
      "otherNonOperatingIncome": "None",
      "depreciation": "None",
      "depreciationAndAmortization": "303000000",
      "incomeBeforeTax": "-1714000000",
      "incomeTaxExpense": "69000000",
      "interestAndDebtExpense": "None",
      "netIncomeFromContinuingOperations": "0",
      "comprehensiveIncomeNetOfTax": "None",
      "ebit": "-1729000000",
      "ebitda": "-1426000000",
      "netIncome": "-1424000000"
    },
    {
      "fiscalDateEnding": "2008-09-30",
      "reportedCurrency": "USD",
      "grossProfit": "905000000",
      "totalRevenue": "1776000000",
      "costOfRevenue": "871000000",
      "costofGoodsAndServicesSold": "871000000",
      "operatingIncome": "131000000",
      "sellingGeneralAndAdministrative": "315000000",
      "researchAndDevelopment": "422000000",
      "operatingExpenses": "765000000",
      "investmentIncomeNet": "None",
      "netInterestIncome": "None",
      "interestIncome": "None",
      "interestExpense": "281000000",
      "nonInterestIncome": "None",
      "otherNonOperatingIncome": "None",
      "depreciation": "None",
      "depreciationAndAmortization": "339000000",
      "incomeBeforeTax": "31000000",
      "incomeTaxExpense": "-1000000",
      "interestAndDebtExpense": "None",
      "netIncomeFromContinuingOperations": "0",
      "comprehensiveIncomeNetOfTax": "None",
      "ebit": "131000000",
      "ebitda": "470000000",
      "netIncome": "-127000000"
    },
    {
      "fiscalDateEnding": "2008-06-30",
      "reportedCurrency": "USD",
      "grossProfit": "696000000",
      "totalRevenue": "1349000000",
      "costOfRevenue": "653000000",
      "costofGoodsAndServicesSold": "653000000",
      "operatingIncome": "-143000000",
      "sellingGeneralAndAdministrative": "335000000",
      "researchAndDevelopment": "442000000",
      "operatingExpenses": "809000000",
      "investmentIncomeNet": "None",
      "netInterestIncome": "None",
      "interestIncome": "None",
      "interestExpense": "95000000",
      "nonInterestIncome": "None",
      "otherNonOperatingIncome": "None",
      "depreciation": "None",
      "depreciationAndAmortization": "286000000",
      "incomeBeforeTax": "-269000000",
      "incomeTaxExpense": "1116000000",
      "interestAndDebtExpense": "None",
      "netIncomeFromContinuingOperations": "0",
      "comprehensiveIncomeNetOfTax": "None",
      "ebit": "-143000000",
      "ebitda": "143000000",
      "netIncome": "-1189000000"
    },
    {
      "fiscalDateEnding": "2008-03-31",
      "reportedCurrency": "USD",
      "grossProfit": "628000000",
      "totalRevenue": "1505000000",
      "costOfRevenue": "877000000",
      "costofGoodsAndServicesSold": "877000000",
      "operatingIncome": "-264000000",
      "sellingGeneralAndAdministrative": "337000000",
      "researchAndDevelopment": "501000000",
      "operatingExpenses": "892000000",
      "investmentIncomeNet": "None",
      "netInterestIncome": "None",
      "interestIncome": "None",
      "interestExpense": "95000000",
      "nonInterestIncome": "None",
      "otherNonOperatingIncome": "None",
      "depreciation": "None",
      "depreciationAndAmortization": "295000000",
      "incomeBeforeTax": "-358000000",
      "incomeTaxExpense": "95000000",
      "interestAndDebtExpense": "None",
      "netIncomeFromContinuingOperations": "0",
      "comprehensiveIncomeNetOfTax": "None",
      "ebit": "-264000000",
      "ebitda": "31000000",
      "netIncome": "-358000000"
    },
    {
      "fiscalDateEnding": "2007-12-31",
      "reportedCurrency": "USD",
      "grossProfit": "785000000",
      "totalRevenue": "1770000000",
      "costOfRevenue": "985000000",
      "costofGoodsAndServicesSold": "985000000",
      "operatingIncome": "-1678000000",
      "sellingGeneralAndAdministrative": "319000000",
      "researchAndDevelopment": "473000000",
      "operatingExpenses": "2463000000",
      "investmentIncomeNet": "None",
      "netInterestIncome": "None",
      "interestIncome": "None",
      "interestExpense": "1760000000",
      "nonInterestIncome": "None",
      "otherNonOperatingIncome": "None",
      "depreciation": "None",
      "depreciationAndAmortization": "291000000",
      "incomeBeforeTax": "-1641000000",
      "incomeTaxExpense": "-59000000",
      "interestAndDebtExpense": "None",
      "netIncomeFromContinuingOperations": "0",
      "comprehensiveIncomeNetOfTax": "None",
      "ebit": "-1678000000",
      "ebitda": "-1387000000",
      "netIncome": "-1772000000"
    },
    {
      "fiscalDateEnding": "2007-09-30",
      "reportedCurrency": "USD",
      "grossProfit": "669000000",
      "totalRevenue": "1632000000",
      "costOfRevenue": "963000000",
      "costofGoodsAndServicesSold": "963000000",
      "operatingIncome": "-226000000",
      "sellingGeneralAndAdministrative": "358000000",
      "researchAndDevelopment": "467000000",
      "operatingExpenses": "895000000",
      "investmentIncomeNet": "None",
      "netInterestIncome": "None",
      "interestIncome": "None",
      "interestExpense": "144000000",
      "nonInterestIncome": "None",
      "otherNonOperatingIncome": "None",
      "depreciation": "None",
      "depreciationAndAmortization": "207000000",
      "incomeBeforeTax": "-369000000",
      "incomeTaxExpense": "27000000",
      "interestAndDebtExpense": "None",
      "netIncomeFromContinuingOperations": "0",
      "comprehensiveIncomeNetOfTax": "None",
      "ebit": "-226000000",
      "ebitda": "-19000000",
      "netIncome": "-396000000"
    },
    {
      "fiscalDateEnding": "2007-06-30",
      "reportedCurrency": "USD",
      "grossProfit": "461000000",
      "totalRevenue": "1378000000",
      "costOfRevenue": "917000000",
      "costofGoodsAndServicesSold": "917000000",
      "operatingIncome": "-457000000",
      "sellingGeneralAndAdministrative": "365000000",
      "researchAndDevelopment": "475000000",
      "operatingExpenses": "918000000",
      "investmentIncomeNet": "None",
      "netInterestIncome": "None",
      "interestIncome": "None",
      "interestExpense": "120000000",
      "nonInterestIncome": "None",
      "otherNonOperatingIncome": "None",
      "depreciation": "None",
      "depreciationAndAmortization": "326000000",
      "incomeBeforeTax": "-568000000",
      "incomeTaxExpense": "32000000",
      "interestAndDebtExpense": "None",
      "netIncomeFromContinuingOperations": "0",
      "comprehensiveIncomeNetOfTax": "None",
      "ebit": "-457000000",
      "ebitda": "-131000000",
      "netIncome": "-600000000"
    },
    {
      "fiscalDateEnding": "2007-03-31",
      "reportedCurrency": "USD",
      "grossProfit": "347000000",
      "totalRevenue": "1233000000",
      "costOfRevenue": "886000000",
      "costofGoodsAndServicesSold": "886000000",
      "operatingIncome": "-504000000",
      "sellingGeneralAndAdministrative": "335000000",
      "researchAndDevelopment": "432000000",
      "operatingExpenses": "851000000",
      "investmentIncomeNet": "None",
      "netInterestIncome": "None",
      "interestIncome": "None",
      "interestExpense": "82000000",
      "nonInterestIncome": "None",
      "otherNonOperatingIncome": "None",
      "depreciation": "None",
      "depreciationAndAmortization": "314000000",
      "incomeBeforeTax": "-588000000",
      "incomeTaxExpense": "23000000",
      "interestAndDebtExpense": "None",
      "netIncomeFromContinuingOperations": "0",
      "comprehensiveIncomeNetOfTax": "None",
      "ebit": "-504000000",
      "ebitda": "-190000000",
      "netIncome": "-611000000"
    },
    {
      "fiscalDateEnding": "2006-12-31",
      "reportedCurrency": "USD",
      "grossProfit": "641516000",
      "totalRevenue": "1772853000",
      "costOfRevenue": "1131337000",
      "costofGoodsAndServicesSold": "1131337000",
      "operatingIncome": "-526881000",
      "sellingGeneralAndAdministrative": "288627000",
      "researchAndDevelopment": "384770000",
      "operatingExpenses": "752397000",
      "investmentIncomeNet": "None",
      "netInterestIncome": "None",
      "interestIncome": "None",
      "interestExpense": "887804000",
      "nonInterestIncome": "None",
      "otherNonOperatingIncome": "None",
      "depreciation": "None",
      "depreciationAndAmortization": "380579000",
      "incomeBeforeTax": "-714933000",
      "incomeTaxExpense": "-9722000",
      "interestAndDebtExpense": "None",
      "netIncomeFromContinuingOperations": "0",
      "comprehensiveIncomeNetOfTax": "None",
      "ebit": "-526881000",
      "ebitda": "-146302000",
      "netIncome": "-573826000"
    },
    {
      "fiscalDateEnding": "2006-09-30",
      "reportedCurrency": "USD",
      "grossProfit": "682358000",
      "totalRevenue": "1327622000",
      "costOfRevenue": "645264000",
      "costofGoodsAndServicesSold": "645264000",
      "operatingIncome": "119172000",
      "sellingGeneralAndAdministrative": "285800000",
      "researchAndDevelopment": "277380000",
      "operatingExpenses": "563186000",
      "investmentIncomeNet": "None",
      "netInterestIncome": "None",
      "interestIncome": "None",
      "interestExpense": "7544000",
      "nonInterestIncome": "None",
      "otherNonOperatingIncome": "None",
      "depreciation": "None",
      "depreciationAndAmortization": "89959000",
      "incomeBeforeTax": "130748000",
      "incomeTaxExpense": "-20852000",
      "interestAndDebtExpense": "None",
      "netIncomeFromContinuingOperations": "0",
      "comprehensiveIncomeNetOfTax": "None",
      "ebit": "119172000",
      "ebitda": "209131000",
      "netIncome": "134455000"
    },
    {
      "fiscalDateEnding": "2006-06-30",
      "reportedCurrency": "USD",
      "grossProfit": "690308000",
      "totalRevenue": "1216367000",
      "costOfRevenue": "526059000",
      "costofGoodsAndServicesSold": "526059000",
      "operatingIncome": "102109000",
      "sellingGeneralAndAdministrative": "309500000",
      "researchAndDevelopment": "278674000",
      "operatingExpenses": "588199000",
      "investmentIncomeNet": "None",
      "netInterestIncome": "None",
      "interestIncome": "None",
      "interestExpense": "12279000",
      "nonInterestIncome": "None",
      "otherNonOperatingIncome": "None",
      "depreciation": "None",
      "depreciationAndAmortization": "192905000",
      "incomeBeforeTax": "126798000",
      "incomeTaxExpense": "18301000",
      "interestAndDebtExpense": "None",
      "netIncomeFromContinuingOperations": "0",
      "comprehensiveIncomeNetOfTax": "None",
      "ebit": "102109000",
      "ebitda": "295014000",
      "netIncome": "88847000"
    },
    {
      "fiscalDateEnding": "2006-03-31",
      "reportedCurrency": "USD",
      "grossProfit": "778818000",
      "totalRevenue": "1332158000",
      "costOfRevenue": "553340000",
      "costofGoodsAndServicesSold": "553340000",
      "operatingIncome": "258600000",
      "sellingGeneralAndAdministrative": "256000000",
      "researchAndDevelopment": "264176000",
      "operatingExpenses": "520218000",
      "investmentIncomeNet": "None",
      "netInterestIncome": "None",
      "interestIncome": "None",
      "interestExpense": "57931000",
      "nonInterestIncome": "None",
      "otherNonOperatingIncome": "None",
      "depreciation": "None",
      "depreciationAndAmortization": "173557000",
      "incomeBeforeTax": "244387000",
      "incomeTaxExpense": "35273000",
      "interestAndDebtExpense": "None",
      "netIncomeFromContinuingOperations": "0",
      "comprehensiveIncomeNetOfTax": "None",
      "ebit": "258600000",
      "ebitda": "432157000",
      "netIncome": "184524000"
    },
    {
      "fiscalDateEnding": "2005-12-31",
      "reportedCurrency": "USD",
      "grossProfit": "852127000",
      "totalRevenue": "1838276000",
      "costOfRevenue": "986149000",
      "costofGoodsAndServicesSold": "986149000",
      "operatingIncome": "205715000",
      "sellingGeneralAndAdministrative": "317100000",
      "researchAndDevelopment": "329301000",
      "operatingExpenses": "646412000",
      "investmentIncomeNet": "None",
      "netInterestIncome": "None",
      "interestIncome": "None",
      "interestExpense": "111412000",
      "nonInterestIncome": "None",
      "otherNonOperatingIncome": "None",
      "depreciation": "None",
      "depreciationAndAmortization": "277258000",
      "incomeBeforeTax": "181713000",
      "incomeTaxExpense": "-1284000",
      "interestAndDebtExpense": "None",
      "netIncomeFromContinuingOperations": "0",
      "comprehensiveIncomeNetOfTax": "None",
      "ebit": "205715000",
      "ebitda": "482973000",
      "netIncome": "95587000"
    }
  ]
}