{
  "symbol": "SEDG",
  "annualReports": [
    {
      "fiscalDateEnding": "2024-12-31",
      "reportedCurrency": "USD",
      "grossProfit": "-877204000",
      "totalRevenue": "901456000",
      "costOfRevenue": "1778660000",
      "costofGoodsAndServicesSold": "1778660000",
      "operatingIncome": "-1708288000",
      "sellingGeneralAndAdministrative": "147455000",
      "researchAndDevelopment": "277237000",
      "operatingExpenses": "831084000",
      "investmentIncomeNet": "None",
      "netInterestIncome": "15669000",
      "interestIncome": "34320000",
      "interestExpense": "18651000",
      "nonInterestIncome": "None",
      "otherNonOperatingIncome": "None",
      "depreciation": "None",
      "depreciationAndAmortization": "59865000",
      "incomeBeforeTax": "-1708311000",
      "incomeTaxExpense": "96150000",
      "interestAndDebtExpense": "None",
      "netIncomeFromContinuingOperations": "-1806357000",
      "comprehensiveIncomeNetOfTax": "None",
      "ebit": "-1700229000",
      "ebitda": "-1640364000",
      "netIncome": "-1806357000"
    },
    {
      "fiscalDateEnding": "2023-12-31",
      "reportedCurrency": "USD",
      "grossProfit": "703823000",
      "totalRevenue": "2976528000",
      "costOfRevenue": "2272705000",
      "costofGoodsAndServicesSold": "2272705000",
      "operatingIncome": "40205000",
      "sellingGeneralAndAdministrative": "146504000",
      "researchAndDevelopment": "321482000",
      "operatingExpenses": "663618000",
      "investmentIncomeNet": "None",
      "netInterestIncome": "14694000",
      "interestIncome": "33162000",
      "interestExpense": "15390000",
      "nonInterestIncome": "None",
      "otherNonOperatingIncome": "None",
      "depreciation": "None",
      "depreciationAndAmortization": "57196000",
      "incomeBeforeTax": "80749000",
      "incomeTaxExpense": "46420000",
      "interestAndDebtExpense": "None",
      "netIncomeFromContinuingOperations": "34329000",
      "comprehensiveIncomeNetOfTax": "None",
      "ebit": "85298000",
      "ebitda": "142494000",
      "netIncome": "34329000"
    },
    {
      "fiscalDateEnding": "2022-12-31",
      "reportedCurrency": "USD",
      "grossProfit": "844648000",
      "totalRevenue": "3110279000",
      "costOfRevenue": "2265631000",
      "costofGoodsAndServicesSold": "2265631000",
      "operatingIncome": "166120000",
      "sellingGeneralAndAdministrative": "112496000",
      "researchAndDevelopment": "289814000",
      "operatingExpenses": "678528000",
      "investmentIncomeNet": "None",
      "netInterestIncome": "147000",
      "interestIncome": "11953000",
      "interestExpense": "10802000",
      "nonInterestIncome": "None",
      "otherNonOperatingIncome": "None",
      "depreciation": "None",
      "depreciationAndAmortization": "49676000",
      "incomeBeforeTax": "177155000",
      "incomeTaxExpense": "83376000",
      "interestAndDebtExpense": "None",
      "netIncomeFromContinuingOperations": "93779000",
      "comprehensiveIncomeNetOfTax": "None",
      "ebit": "181601000",
      "ebitda": "231277000",
      "netIncome": "93779000"
    },
    {
      "fiscalDateEnding": "2021-12-31",
      "reportedCurrency": "USD",
      "grossProfit": "629318000",
      "totalRevenue": "1963865000",
      "costOfRevenue": "1334547000",
      "costofGoodsAndServicesSold": "1334547000",
      "operatingIncome": "207139000",
      "sellingGeneralAndAdministrative": "82196000",
      "researchAndDevelopment": "219633000",
      "operatingExpenses": "422179000",
      "investmentIncomeNet": "None",
      "netInterestIncome": "-19915000",
      "interestIncome": "2973000",
      "interestExpense": "10681000",
      "nonInterestIncome": "None",
      "otherNonOperatingIncome": "-19915000",
      "depreciation": "None",
      "depreciationAndAmortization": "39535000",
      "incomeBeforeTax": "187224000",
      "incomeTaxExpense": "18054000",
      "interestAndDebtExpense": "None",
      "netIncomeFromContinuingOperations": "169170000",
      "comprehensiveIncomeNetOfTax": "None",
      "ebit": "190732000",
      "ebitda": "230267000",
      "netIncome": "169170000"
    },
    {
      "fiscalDateEnding": "2020-12-31",
      "reportedCurrency": "USD",
      "grossProfit": "461359000",
      "totalRevenue": "1459271000",
      "costOfRevenue": "997912000",
      "costofGoodsAndServicesSold": "997912000",
      "operatingIncome": "142561000",
      "sellingGeneralAndAdministrative": "63119000",
      "researchAndDevelopment": "163123000",
      "operatingExpenses": "318798000",
      "investmentIncomeNet": "None",
      "netInterestIncome": "21105000",
      "interestIncome": "4900000",
      "interestExpense": "10563000",
      "nonInterestIncome": "None",
      "otherNonOperatingIncome": "21105000",
      "depreciation": "None",
      "depreciationAndAmortization": "31834000",
      "incomeBeforeTax": "163666000",
      "incomeTaxExpense": "23344000",
      "interestAndDebtExpense": "None",
      "netIncomeFromContinuingOperations": "140322000",
      "comprehensiveIncomeNetOfTax": "None",
      "ebit": "166851000",
      "ebitda": "198685000",
      "netIncome": "140322000"
    },
    {
      "fiscalDateEnding": "2019-12-31",
      "reportedCurrency": "USD",
      "grossProfit": "479338000",
      "totalRevenue": "1425660000",
      "costOfRevenue": "946322000",
      "costofGoodsAndServicesSold": "946322000",
      "operatingIncome": "189946000",
      "sellingGeneralAndAdministrative": "57666000",
      "researchAndDevelopment": "121351000",
      "operatingExpenses": "289392000",
      "investmentIncomeNet": "None",
      "netInterestIncome": "-879000",
      "interestIncome": "4590000",
      "interestExpense": "5826000",
      "nonInterestIncome": "None",
      "otherNonOperatingIncome": "-11343000",
      "depreciation": "None",
      "depreciationAndAmortization": "26895000",
      "incomeBeforeTax": "178603000",
      "incomeTaxExpense": "33646000",
      "interestAndDebtExpense": "None",
      "netIncomeFromContinuingOperations": "144957000",
      "comprehensiveIncomeNetOfTax": "None",
      "ebit": "183408000",
      "ebitda": "210303000",
      "netIncome": "146549000"
    },
    {
      "fiscalDateEnding": "2018-12-31",
      "reportedCurrency": "USD",
      "grossProfit": "319236000",
      "totalRevenue": "937237000",
      "costOfRevenue": "618001000",
      "costofGoodsAndServicesSold": "618001000",
      "operatingIncome": "139420000",
      "sellingGeneralAndAdministrative": "29264000",
      "researchAndDevelopment": "82245000",
      "operatingExpenses": "179816000",
      "investmentIncomeNet": "None",
      "netInterestIncome": "2972000",
      "interestIncome": "5629000",
      "interestExpense": "2536000",
      "nonInterestIncome": "None",
      "otherNonOperatingIncome": "-2297000",
      "depreciation": "None",
      "depreciationAndAmortization": "12619000",
      "incomeBeforeTax": "137123000",
      "incomeTaxExpense": "9077000",
      "interestAndDebtExpense": "None",
      "netIncomeFromContinuingOperations": "128046000",
      "comprehensiveIncomeNetOfTax": "None",
      "ebit": "139522000",
      "ebitda": "152141000",
      "netIncome": "128833000"
    },
    {
      "fiscalDateEnding": "2017-12-31",
      "reportedCurrency": "USD",
      "grossProfit": "214766000",
      "totalRevenue": "607045000",
      "costOfRevenue": "392279000",
      "costofGoodsAndServicesSold": "392279000",
      "operatingIncome": "91086000",
      "sellingGeneralAndAdministrative": "18682000",
      "researchAndDevelopment": "54966000",
      "operatingExpenses": "123680000",
      "investmentIncomeNet": "None",
      "netInterestIncome": "4398000",
      "interestIncome": "4398000",
      "interestExpense": "1711000",
      "nonInterestIncome": "None",
      "otherNonOperatingIncome": "9158000",
      "depreciation": "None",
      "depreciationAndAmortization": "7155000",
      "incomeBeforeTax": "100244000",
      "incomeTaxExpense": "16072000",
      "interestAndDebtExpense": "None",
      "netIncomeFromContinuingOperations": "84172000",
      "comprehensiveIncomeNetOfTax": "None",
      "ebit": "100244000",
      "ebitda": "107399000",
      "netIncome": "84172000"
    },
    {
      "fiscalDateEnding": "2016-12-31",
      "reportedCurrency": "USD",
      "grossProfit": "161894000",
      "totalRevenue": "479994000",
      "costOfRevenue": "318100000",
      "costofGoodsAndServicesSold": "318100000",
      "operatingIncome": "67076000",
      "sellingGeneralAndAdministrative": "12118000",
      "researchAndDevelopment": "40558000",
      "operatingExpenses": "94818000",
      "investmentIncomeNet": "None",
      "netInterestIncome": "None",
      "interestIncome": "2104000",
      "interestExpense": "0",
      "nonInterestIncome": "None",
      "otherNonOperatingIncome": "None",
      "depreciation": "None",
      "depreciationAndAmortization": "5518000",
      "incomeBeforeTax": "61196000",
      "incomeTaxExpense": "10434000",
      "interestAndDebtExpense": "None",
      "netIncomeFromContinuingOperations": "63453000",
      "comprehensiveIncomeNetOfTax": "None",
      "ebit": "62566000",
      "ebitda": "68084000",
      "netIncome": "50762000"
    },
    {
      "fiscalDateEnding": "2015-12-31",
      "reportedCurrency": "USD",
      "grossProfit": "81783000",
      "totalRevenue": "325078000",
      "costOfRevenue": "243295000",
      "costofGoodsAndServicesSold": "243295000",
      "operatingIncome": "28257000",
      "sellingGeneralAndAdministrative": "6535000",
      "researchAndDevelopment": "22018000",
      "operatingExpenses": "53526000",
      "investmentIncomeNet": "None",
      "netInterestIncome": "1112000",
      "interestIncome": "1003000",
      "interestExpense": "895000",
      "nonInterestIncome": "None",
      "otherNonOperatingIncome": "None",
      "depreciation": "None",
      "depreciationAndAmortization": "2253000",
      "incomeBeforeTax": "23076000",
      "incomeTaxExpense": "1955000",
      "interestAndDebtExpense": "None",
      "netIncomeFromContinuingOperations": "76609000",
      "comprehensiveIncomeNetOfTax": "None",
      "ebit": "24344000",
      "ebitda": "26597000",
      "netIncome": "21121000"
    },
    {
      "fiscalDateEnding": "2014-12-31",
      "reportedCurrency": "USD",
      "grossProfit": "81783000",
      "totalRevenue": "325078000",
      "costOfRevenue": "243295000",
      "costofGoodsAndServicesSold": "243295000",
      "operatingIncome": "28257000",
      "sellingGeneralAndAdministrative": "6535000",
      "researchAndDevelopment": "22018000",
      "operatingExpenses": "53526000",
      "investmentIncomeNet": "None",
      "netInterestIncome": "None",
      "interestIncome": "None",
      "interestExpense": "0",
      "nonInterestIncome": "None",
      "otherNonOperatingIncome": "-5077000",
      "depreciation": "None",
      "depreciationAndAmortization": "2253000",
      "incomeBeforeTax": "23076000",
      "incomeTaxExpense": "1955000",
      "interestAndDebtExpense": "None",
      "netIncomeFromContinuingOperations": "21121000",
      "comprehensiveIncomeNetOfTax": "None",
      "ebit": "28257000",
      "ebitda": "30510000",
      "netIncome": "21121000"
    },
    {
      "fiscalDateEnding": "2013-12-31",
      "reportedCurrency": "USD",
      "grossProfit": "21971000",
      "totalRevenue": "133217000",
      "costOfRevenue": "111246000",
      "costofGoodsAndServicesSold": "111246000",
      "operatingIncome": "-18371000",
      "sellingGeneralAndAdministrative": "4294000",
      "researchAndDevelopment": "18256000",
      "operatingExpenses": "40342000",
      "investmentIncomeNet": "None",
      "netInterestIncome": "None",
      "interestIncome": "None",
      "interestExpense": "2012000",
      "nonInterestIncome": "None",
      "otherNonOperatingIncome": "None",
      "depreciation": "None",
      "depreciationAndAmortization": "1978000",
      "incomeBeforeTax": "-21158000",
      "incomeTaxExpense": "220000",
      "interestAndDebtExpense": "None",
      "netIncomeFromContinuingOperations": "-21378000",
      "comprehensiveIncomeNetOfTax": "None",
      "ebit": "-19168000",
      "ebitda": "-17190000",
      "netIncome": "-21378000"
    },
    {
      "fiscalDateEnding": "2012-12-31",
      "reportedCurrency": "USD",
      "grossProfit": "4409000",
      "totalRevenue": "79035000",
      "costOfRevenue": "74626000",
      "costofGoodsAndServicesSold": "74626000",
      "operatingIncome": "-27460000",
      "sellingGeneralAndAdministrative": "3262000",
      "researchAndDevelopment": "15823000",
      "operatingExpenses": "31869000",
      "investmentIncomeNet": "None",
      "netInterestIncome": "None",
      "interestIncome": "None",
      "interestExpense": "1070000",
      "nonInterestIncome": "None",
      "otherNonOperatingIncome": "None",
      "depreciation": "None",
      "depreciationAndAmortization": "1842000",
      "incomeBeforeTax": "-28072000",
      "incomeTaxExpense": "108000",
      "interestAndDebtExpense": "None",
      "netIncomeFromContinuingOperations": "None",
      "comprehensiveIncomeNetOfTax": "None",
      "ebit": "-26941000",
      "ebitda": "-25099000",
      "netIncome": "-28180000"
    },
    {
      "fiscalDateEnding": "2011-12-31",
      "reportedCurrency": "USD",
      "grossProfit": "-677000",
      "totalRevenue": "75351000",
      "costOfRevenue": "76028000",
      "costofGoodsAndServicesSold": "76028000",
      "operatingIncome": "-27460000",
      "sellingGeneralAndAdministrative": "3074000",
      "researchAndDevelopment": "13783000",
      "operatingExpenses": "26783000",
      "investmentIncomeNet": "None",
      "netInterestIncome": "None",
      "interestIncome": "None",
      "interestExpense": "58000",
      "nonInterestIncome": "None",
      "otherNonOperatingIncome": "None",
      "depreciation": "None",
      "depreciationAndAmortization": "1283000",
      "incomeBeforeTax": "-27747000",
      "incomeTaxExpense": "36000",
      "interestAndDebtExpense": "None",
      "netIncomeFromContinuingOperations": "None",
      "comprehensiveIncomeNetOfTax": "None",
      "ebit": "-27689000",
      "ebitda": "-26406000",
      "netIncome": "-27783000"
    }
  ],
  "quarterlyReports": [
    {
      "fiscalDateEnding": "2025-09-30",
      "reportedCurrency": "USD",
      "grossProfit": "57573000",
      "totalRevenue": "340177000",
      "costOfRevenue": "282604000",
      "costofGoodsAndServicesSold": "282604000",
      "operatingIncome": "-35150000",
      "sellingGeneralAndAdministrative": "26441000",
      "researchAndDevelopment": "54146000",
      "operatingExpenses": "92723000",
      "investmentIncomeNet": "None",
      "netInterestIncome": "3040000",
      "interestIncome": "None",
      "interestExpense": "3138000",
      "nonInterestIncome": "None",
      "otherNonOperatingIncome": "None",
      "depreciation": "None",
      "depreciationAndAmortization": "7203000",
      "incomeBeforeTax": "-47497000",
      "incomeTaxExpense": "2563000",
      "interestAndDebtExpense": "None",
      "netIncomeFromContinuingOperations": "-50060000",
      "comprehensiveIncomeNetOfTax": "None",
      "ebit": "-47497000",
      "ebitda": "-40294000",
      "netIncome": "-50060000"
    },
    {
      "fiscalDateEnding": "2025-06-30",
      "reportedCurrency": "USD",
      "grossProfit": "32131000",
      "totalRevenue": "289429000",
      "costOfRevenue": "257298000",
      "costofGoodsAndServicesSold": "257298000",
      "operatingIncome": "-115493000",
      "sellingGeneralAndAdministrative": "19789000",
      "researchAndDevelopment": "53386000",
      "operatingExpenses": "147624000",
      "investmentIncomeNet": "None",
      "netInterestIncome": "-7323000",
      "interestIncome": "None",
      "interestExpense": "3138000",
      "nonInterestIncome": "None",
      "otherNonOperatingIncome": "None",
      "depreciation": "None",
      "depreciationAndAmortization": "4226000",
      "incomeBeforeTax": "-119087000",
      "incomeTaxExpense": "5657000",
      "interestAndDebtExpense": "None",
      "netIncomeFromContinuingOperations": "-124744000",
      "comprehensiveIncomeNetOfTax": "None",
      "ebit": "-69172000",
      "ebitda": "-64946000",
      "netIncome": "-124744000"
    },
    {
      "fiscalDateEnding": "2025-03-31",
      "reportedCurrency": "USD",
      "grossProfit": "17536000",
      "totalRevenue": "219480000",
      "costOfRevenue": "201944000",
      "costofGoodsAndServicesSold": "201944000",
      "operatingIncome": "-102726000",
      "sellingGeneralAndAdministrative": "29288000",
      "researchAndDevelopment": "61997000",
      "operatingExpenses": "120262000",
      "investmentIncomeNet": "None",
      "netInterestIncome": "10068000",
      "interestIncome": "None",
      "interestExpense": "None",
      "nonInterestIncome": "None",
      "otherNonOperatingIncome": "None",
      "depreciation": "None",
      "depreciationAndAmortization": "12001000",
      "incomeBeforeTax": "-92510000",
      "incomeTaxExpense": "6013000",
      "interestAndDebtExpense": "None",
      "netIncomeFromContinuingOperations": "-98523000",
      "comprehensiveIncomeNetOfTax": "None",
      "ebit": "-102701000",
      "ebitda": "-90700000",
      "netIncome": "-98523000"
    },
    {
      "fiscalDateEnding": "2024-12-31",
      "reportedCurrency": "USD",
      "grossProfit": "-137722000",
      "totalRevenue": "170749000",
      "costOfRevenue": "308471000",
      "costofGoodsAndServicesSold": "308471000",
      "operatingIncome": "-289135000",
      "sellingGeneralAndAdministrative": "36370000",
      "researchAndDevelopment": "62238000",
      "operatingExpenses": "151413000",
      "investmentIncomeNet": "None",
      "netInterestIncome": "18040000",
      "interestIncome": "None",
      "interestExpense": "12418000",
      "nonInterestIncome": "None",
      "otherNonOperatingIncome": "None",
      "depreciation": "None",
      "depreciationAndAmortization": "12650000",
      "incomeBeforeTax": "-301866000",
      "incomeTaxExpense": "11041000",
      "interestAndDebtExpense": "None",
      "netIncomeFromContinuingOperations": "-312907000",
      "comprehensiveIncomeNetOfTax": "None",
      "ebit": "-514259000",
      "ebitda": "-501609000",
      "netIncome": "-312907000"
    },
    {
      "fiscalDateEnding": "2024-09-30",
      "reportedCurrency": "USD",
      "grossProfit": "-702326000",
      "totalRevenue": "260903000",
      "costOfRevenue": "963229000",
      "costofGoodsAndServicesSold": "963229000",
      "operatingIncome": "-1085266000",
      "sellingGeneralAndAdministrative": "41212000",
      "researchAndDevelopment": "70372000",
      "operatingExpenses": "382940000",
      "investmentIncomeNet": "None",
      "netInterestIncome": "5558000",
      "interestIncome": "None",
      "interestExpense": "None",
      "nonInterestIncome": "None",
      "otherNonOperatingIncome": "None",
      "depreciation": "None",
      "depreciationAndAmortization": "16785000",
      "incomeBeforeTax": "-1083636000",
      "incomeTaxExpense": "121685000",
      "interestAndDebtExpense": "None",
      "netIncomeFromContinuingOperations": "-1205321000",
      "comprehensiveIncomeNetOfTax": "None",
      "ebit": "-856297000",
      "ebitda": "-839512000",
      "netIncome": "-1205321000"
    },
    {
      "fiscalDateEnding": "2024-06-30",
      "reportedCurrency": "USD",
      "grossProfit": "-10969000",
      "totalRevenue": "265405000",
      "costOfRevenue": "276374000",
      "costofGoodsAndServicesSold": "276374000",
      "operatingIncome": "-160182000",
      "sellingGeneralAndAdministrative": "39008000",
      "researchAndDevelopment": "69276000",
      "operatingExpenses": "149213000",
      "investmentIncomeNet": "None",
      "netInterestIncome": "-865000",
      "interestIncome": "None",
      "interestExpense": "3026000",
      "nonInterestIncome": "None",
      "otherNonOperatingIncome": "None",
      "depreciation": "None",
      "depreciationAndAmortization": "15442000",
      "incomeBeforeTax": "-143063000",
      "incomeTaxExpense": "-12245000",
      "interestAndDebtExpense": "None",
      "netIncomeFromContinuingOperations": "-130818000",
      "comprehensiveIncomeNetOfTax": "None",
      "ebit": "-158758000",
      "ebitda": "-143316000",
      "netIncome": "-130818000"
    },
    {
      "fiscalDateEnding": "2024-03-31",
      "reportedCurrency": "USD",
      "grossProfit": "-20904000",
      "totalRevenue": "204399000",
      "costOfRevenue": "225303000",
      "costofGoodsAndServicesSold": "225303000",
      "operatingIncome": "-162969000",
      "sellingGeneralAndAdministrative": "30865000",
      "researchAndDevelopment": "75351000",
      "operatingExpenses": "142065000",
      "investmentIncomeNet": "None",
      "netInterestIncome": "-7064000",
      "interestIncome": "None",
      "interestExpense": "7676000",
      "nonInterestIncome": "None",
      "otherNonOperatingIncome": "None",
      "depreciation": "None",
      "depreciationAndAmortization": "14988000",
      "incomeBeforeTax": "-180769000",
      "incomeTaxExpense": "-23754000",
      "interestAndDebtExpense": "None",
      "netIncomeFromContinuingOperations": "-157311000",
      "comprehensiveIncomeNetOfTax": "None",
      "ebit": "-173093000",
      "ebitda": "-158105000",
      "netIncome": "-157311000"
    },
    {
      "fiscalDateEnding": "2023-12-31",
      "reportedCurrency": "USD",
      "grossProfit": "-56425000",
      "totalRevenue": "316044000",
      "costOfRevenue": "372469000",
      "costofGoodsAndServicesSold": "372469000",
      "operatingIncome": "-237581000",
      "sellingGeneralAndAdministrative": "34628000",
      "researchAndDevelopment": "75001000",
      "operatingExpenses": "181156000",
      "investmentIncomeNet": "None",
      "netInterestIncome": "-4463000",
      "interestIncome": "None",
      "interestExpense": "7901000",
      "nonInterestIncome": "None",
      "otherNonOperatingIncome": "None",
      "depreciation": "None",
      "depreciationAndAmortization": "15177000",
      "incomeBeforeTax": "-215235000",
      "incomeTaxExpense": "-53202000",
      "interestAndDebtExpense": "None",
      "netIncomeFromContinuingOperations": "-162383000",
      "comprehensiveIncomeNetOfTax": "None",
      "ebit": "-191054000",
      "ebitda": "-175877000",
      "netIncome": "-162383000"
    },
    {
      "fiscalDateEnding": "2023-09-30",
      "reportedCurrency": "USD",
      "grossProfit": "142817000",
      "totalRevenue": "725305000",
      "costOfRevenue": "582488000",
      "costofGoodsAndServicesSold": "582488000",
      "operatingIncome": "-16726000",
      "sellingGeneralAndAdministrative": "39110000",
      "researchAndDevelopment": "80082000",
      "operatingExpenses": "159543000",
      "investmentIncomeNet": "None",
      "netInterestIncome": "-7901000",
      "interestIncome": "None",
      "interestExpense": "7901000",
      "nonInterestIncome": "None",
      "otherNonOperatingIncome": "None",
      "depreciation": "None",
      "depreciationAndAmortization": "15294000",
      "incomeBeforeTax": "-25111000",
      "incomeTaxExpense": "36065000",
      "interestAndDebtExpense": "None",
      "netIncomeFromContinuingOperations": "-61176000",
      "comprehensiveIncomeNetOfTax": "None",
      "ebit": "-16726000",
      "ebitda": "-1432000",
      "netIncome": "-61176000"
    },
    {
      "fiscalDateEnding": "2023-06-30",
      "reportedCurrency": "USD",
      "grossProfit": "317305000",
      "totalRevenue": "991290000",
      "costOfRevenue": "673985000",
      "costofGoodsAndServicesSold": "673985000",
      "operatingIncome": "150358000",
      "sellingGeneralAndAdministrative": "36199000",
      "researchAndDevelopment": "86526000",
      "operatingExpenses": "166947000",
      "investmentIncomeNet": "None",
      "netInterestIncome": "3384000",
      "interestIncome": "3384000",
      "interestExpense": "None",
      "nonInterestIncome": "None",
      "otherNonOperatingIncome": "None",
      "depreciation": "None",
      "depreciationAndAmortization": "13261000",
      "incomeBeforeTax": "153742000",
      "incomeTaxExpense": "34232000",
      "interestAndDebtExpense": "None",
      "netIncomeFromContinuingOperations": "119510000",
      "comprehensiveIncomeNetOfTax": "None",
      "ebit": "150358000",
      "ebitda": "163619000",
      "netIncome": "119510000"
    },
    {
      "fiscalDateEnding": "2023-03-31",
      "reportedCurrency": "USD",
      "grossProfit": "300126000",
      "totalRevenue": "943889000",
      "costOfRevenue": "643763000",
      "costofGoodsAndServicesSold": "643763000",
      "operatingIncome": "144154000",
      "sellingGeneralAndAdministrative": "36567000",
      "researchAndDevelopment": "79873000",
      "operatingExpenses": "155972000",
      "investmentIncomeNet": "None",
      "netInterestIncome": "23674000",
      "interestIncome": "None",
      "interestExpense": "23549000",
      "nonInterestIncome": "None",
      "otherNonOperatingIncome": "None",
      "depreciation": "None",
      "depreciationAndAmortization": "13464000",
      "incomeBeforeTax": "167703000",
      "incomeTaxExpense": "29325000",
      "interestAndDebtExpense": "None",
      "netIncomeFromContinuingOperations": "138378000",
      "comprehensiveIncomeNetOfTax": "None",
      "ebit": "142720000",
      "ebitda": "156184000",
      "netIncome": "138378000"
    },
    {
      "fiscalDateEnding": "2022-12-31",
      "reportedCurrency": "USD",
      "grossProfit": "261047000",
      "totalRevenue": "890702000",
      "costOfRevenue": "629655000",
      "costofGoodsAndServicesSold": "629655000",
      "operatingIncome": "-5163000",
      "sellingGeneralAndAdministrative": "30013000",
      "researchAndDevelopment": "78959000",
      "operatingExpenses": "266210000",
      "investmentIncomeNet": "None",
      "netInterestIncome": "52932000",
      "interestIncome": "None",
      "interestExpense": "274000",
      "nonInterestIncome": "None",
      "otherNonOperatingIncome": "None",
      "depreciation": "None",
      "depreciationAndAmortization": "12364000",
      "incomeBeforeTax": "51124000",
      "incomeTaxExpense": "30295000",
      "interestAndDebtExpense": "None",
      "netIncomeFromContinuingOperations": "20829000",
      "comprehensiveIncomeNetOfTax": "None",
      "ebit": "6825000",
      "ebitda": "19189000",
      "netIncome": "20829000"
    },
    {
      "fiscalDateEnding": "2022-09-30",
      "reportedCurrency": "USD",
      "grossProfit": "222001000",
      "totalRevenue": "836723000",
      "costOfRevenue": "614722000",
      "costofGoodsAndServicesSold": "614722000",
      "operatingIncome": "84407000",
      "sellingGeneralAndAdministrative": "27933000",
      "researchAndDevelopment": "69659000",
      "operatingExpenses": "137594000",
      "investmentIncomeNet": "None",
      "netInterestIncome": "-33025000",
      "interestIncome": "None",
      "interestExpense": "32859000",
      "nonInterestIncome": "None",
      "otherNonOperatingIncome": "None",
      "depreciation": "None",
      "depreciationAndAmortization": "13174000",
      "incomeBeforeTax": "58915000",
      "incomeTaxExpense": "34172000",
      "interestAndDebtExpense": "None",
      "netIncomeFromContinuingOperations": "24743000",
      "comprehensiveIncomeNetOfTax": "None",
      "ebit": "81683000",
      "ebitda": "94857000",
      "netIncome": "24743000"
    },
    {
      "fiscalDateEnding": "2022-06-30",
      "reportedCurrency": "USD",
      "grossProfit": "182642000",
      "totalRevenue": "727774000",
      "costOfRevenue": "545132000",
      "costofGoodsAndServicesSold": "545132000",
      "operatingIncome": "36012000",
      "sellingGeneralAndAdministrative": "28121000",
      "researchAndDevelopment": "74847000",
      "operatingExpenses": "146630000",
      "investmentIncomeNet": "None",
      "netInterestIncome": "-14311000",
      "interestIncome": "None",
      "interestExpense": "14311000",
      "nonInterestIncome": "None",
      "otherNonOperatingIncome": "None",
      "depreciation": "None",
      "depreciationAndAmortization": "12478000",
      "incomeBeforeTax": "21701000",
      "incomeTaxExpense": "6617000",
      "interestAndDebtExpense": "None",
      "netIncomeFromContinuingOperations": "15084000",
      "comprehensiveIncomeNetOfTax": "None",
      "ebit": "40699000",
      "ebitda": "53177000",
      "netIncome": "15084000"
    },
    {
      "fiscalDateEnding": "2022-03-31",
      "reportedCurrency": "USD",
      "grossProfit": "178958000",
      "totalRevenue": "655080000",
      "costOfRevenue": "476122000",
      "costofGoodsAndServicesSold": "476122000",
      "operatingIncome": "50864000",
      "sellingGeneralAndAdministrative": "26429000",
      "researchAndDevelopment": "66349000",
      "operatingExpenses": "128094000",
      "investmentIncomeNet": "None",
      "netInterestIncome": "-5449000",
      "interestIncome": "None",
      "interestExpense": "4605000",
      "nonInterestIncome": "None",
      "otherNonOperatingIncome": "-5449000",
      "depreciation": "None",
      "depreciationAndAmortization": "11660000",
      "incomeBeforeTax": "45415000",
      "incomeTaxExpense": "12292000",
      "interestAndDebtExpense": "None",
      "netIncomeFromContinuingOperations": "33123000",
      "comprehensiveIncomeNetOfTax": "None",
      "ebit": "50864000",
      "ebitda": "62524000",
      "netIncome": "33123000"
    },
    {
      "fiscalDateEnding": "2021-12-31",
      "reportedCurrency": "USD",
      "grossProfit": "160491000",
      "totalRevenue": "551915000",
      "costOfRevenue": "391424000",
      "costofGoodsAndServicesSold": "391424000",
      "operatingIncome": "41038000",
      "sellingGeneralAndAdministrative": "21879000",
      "researchAndDevelopment": "64326000",
      "operatingExpenses": "119453000",
      "investmentIncomeNet": "None",
      "netInterestIncome": "-6324000",
      "interestIncome": "None",
      "interestExpense": "None",
      "nonInterestIncome": "None",
      "otherNonOperatingIncome": "-6324000",
      "depreciation": "None",
      "depreciationAndAmortization": "10556000",
      "incomeBeforeTax": "34714000",
      "incomeTaxExpense": "-6240000",
      "interestAndDebtExpense": "None",
      "netIncomeFromContinuingOperations": "40954000",
      "comprehensiveIncomeNetOfTax": "None",
      "ebit": "29052000",
      "ebitda": "39608000",
      "netIncome": "40954000"
    },
    {
      "fiscalDateEnding": "2021-09-30",
      "reportedCurrency": "USD",
      "grossProfit": "172561000",
      "totalRevenue": "526404000",
      "costOfRevenue": "353843000",
      "costofGoodsAndServicesSold": "353843000",
      "operatingIncome": "66414000",
      "sellingGeneralAndAdministrative": "21098000",
      "researchAndDevelopment": "55666000",
      "operatingExpenses": "106147000",
      "investmentIncomeNet": "None",
      "netInterestIncome": "-5751000",
      "interestIncome": "None",
      "interestExpense": "5751000",
      "nonInterestIncome": "None",
      "otherNonOperatingIncome": "-5751000",
      "depreciation": "None",
      "depreciationAndAmortization": "10100000",
      "incomeBeforeTax": "60663000",
      "incomeTaxExpense": "7615000",
      "interestAndDebtExpense": "None",
      "netIncomeFromContinuingOperations": "53048000",
      "comprehensiveIncomeNetOfTax": "None",
      "ebit": "66414000",
      "ebitda": "76514000",
      "netIncome": "53048000"
    },
    {
      "fiscalDateEnding": "2021-06-30",
      "reportedCurrency": "USD",
      "grossProfit": "156192000",
      "totalRevenue": "480057000",
      "costOfRevenue": "323865000",
      "costofGoodsAndServicesSold": "323865000",
      "operatingIncome": "55559000",
      "sellingGeneralAndAdministrative": "19370000",
      "researchAndDevelopment": "52664000",
      "operatingExpenses": "100633000",
      "investmentIncomeNet": "None",
      "netInterestIncome": "-1743000",
      "interestIncome": "None",
      "interestExpense": "1743000",
      "nonInterestIncome": "None",
      "otherNonOperatingIncome": "-1743000",
      "depreciation": "None",
      "depreciationAndAmortization": "9601000",
      "incomeBeforeTax": "53816000",
      "incomeTaxExpense": "8724000",
      "interestAndDebtExpense": "None",
      "netIncomeFromContinuingOperations": "45092000",
      "comprehensiveIncomeNetOfTax": "None",
      "ebit": "54700000",
      "ebitda": "64301000",
      "netIncome": "45092000"
    },
    {
      "fiscalDateEnding": "2021-03-31",
      "reportedCurrency": "USD",
      "grossProfit": "140074000",
      "totalRevenue": "405489000",
      "costOfRevenue": "265415000",
      "costofGoodsAndServicesSold": "265415000",
      "operatingIncome": "44128000",
      "sellingGeneralAndAdministrative": "19849000",
      "researchAndDevelopment": "46977000",
      "operatingExpenses": "95946000",
      "investmentIncomeNet": "None",
      "netInterestIncome": "-6097000",
      "interestIncome": "None",
      "interestExpense": "6097000",
      "nonInterestIncome": "None",
      "otherNonOperatingIncome": "-6097000",
      "depreciation": "None",
      "depreciationAndAmortization": "9278000",
      "incomeBeforeTax": "38031000",
      "incomeTaxExpense": "7955000",
      "interestAndDebtExpense": "None",
      "netIncomeFromContinuingOperations": "30076000",
      "comprehensiveIncomeNetOfTax": "None",
      "ebit": "46337000",
      "ebitda": "55615000",
      "netIncome": "30076000"
    },
    {
      "fiscalDateEnding": "2020-12-31",
      "reportedCurrency": "USD",
      "grossProfit": "110325000",
      "totalRevenue": "358107000",
      "costOfRevenue": "247782000",
      "costofGoodsAndServicesSold": "247782000",
      "operatingIncome": "14427000",
      "sellingGeneralAndAdministrative": "18042000",
      "researchAndDevelopment": "47513000",
      "operatingExpenses": "95898000",
      "investmentIncomeNet": "None",
      "netInterestIncome": "10380000",
      "interestIncome": "None",
      "interestExpense": "22685000",
      "nonInterestIncome": "None",
      "otherNonOperatingIncome": "None",
      "depreciation": "None",
      "depreciationAndAmortization": "8377000",
      "incomeBeforeTax": "24807000",
      "incomeTaxExpense": "7152000",
      "interestAndDebtExpense": "None",
      "netIncomeFromContinuingOperations": "17655000",
      "comprehensiveIncomeNetOfTax": "None",
      "ebit": "44047000",
      "ebitda": "52424000",
      "netIncome": "17655000"
    },
    {
      "fiscalDateEnding": "2020-09-30",
      "reportedCurrency": "USD",
      "grossProfit": "108063000",
      "totalRevenue": "338095000",
      "costOfRevenue": "230032000",
      "costofGoodsAndServicesSold": "230032000",
      "operatingIncome": "30394000",
      "sellingGeneralAndAdministrative": "14928000",
      "researchAndDevelopment": "40817000",
      "operatingExpenses": "77669000",
      "investmentIncomeNet": "None",
      "netInterestIncome": "15765000",
      "interestIncome": "None",
      "interestExpense": "None",
      "nonInterestIncome": "None",
      "otherNonOperatingIncome": "15765000",
      "depreciation": "None",
      "depreciationAndAmortization": "8196000",
      "incomeBeforeTax": "46159000",
      "incomeTaxExpense": "2408000",
      "interestAndDebtExpense": "None",
      "netIncomeFromContinuingOperations": "43751000",
      "comprehensiveIncomeNetOfTax": "None",
      "ebit": "30394000",
      "ebitda": "38590000",
      "netIncome": "43751000"
    },
    {
      "fiscalDateEnding": "2020-06-30",
      "reportedCurrency": "USD",
      "grossProfit": "102963000",
      "totalRevenue": "331851000",
      "costOfRevenue": "228888000",
      "costofGoodsAndServicesSold": "228888000",
      "operatingIncome": "29965000",
      "sellingGeneralAndAdministrative": "13964000",
      "researchAndDevelopment": "38098000",
      "operatingExpenses": "72998000",
      "investmentIncomeNet": "None",
      "netInterestIncome": "11565000",
      "interestIncome": "None",
      "interestExpense": "None",
      "nonInterestIncome": "None",
      "otherNonOperatingIncome": "11565000",
      "depreciation": "None",
      "depreciationAndAmortization": "7936000",
      "incomeBeforeTax": "41530000",
      "incomeTaxExpense": "4862000",
      "interestAndDebtExpense": "None",
      "netIncomeFromContinuingOperations": "36668000",
      "comprehensiveIncomeNetOfTax": "None",
      "ebit": "29965000",
      "ebitda": "37901000",
      "netIncome": "36668000"
    },
    {
      "fiscalDateEnding": "2020-03-31",
      "reportedCurrency": "USD",
      "grossProfit": "140008000",
      "totalRevenue": "431218000",
      "costOfRevenue": "291210000",
      "costofGoodsAndServicesSold": "291210000",
      "operatingIncome": "67775000",
      "sellingGeneralAndAdministrative": "16185000",
      "researchAndDevelopment": "36695000",
      "operatingExpenses": "72233000",
      "investmentIncomeNet": "None",
      "netInterestIncome": "-16605000",
      "interestIncome": "16605000",
      "interestExpense": "16605000",
      "nonInterestIncome": "None",
      "otherNonOperatingIncome": "None",
      "depreciation": "None",
      "depreciationAndAmortization": "7325000",
      "incomeBeforeTax": "51170000",
      "incomeTaxExpense": "8922000",
      "interestAndDebtExpense": "None",
      "netIncomeFromContinuingOperations": "42248000",
      "comprehensiveIncomeNetOfTax": "None",
      "ebit": "67775000",
      "ebitda": "75100000",
      "netIncome": "42248000"
    },
    {
      "fiscalDateEnding": "2019-12-31",
      "reportedCurrency": "USD",
      "grossProfit": "143249000",
      "totalRevenue": "418223000",
      "costOfRevenue": "274974000",
      "costofGoodsAndServicesSold": "274974000",
      "operatingIncome": "50528000",
      "sellingGeneralAndAdministrative": "11771000",
      "researchAndDevelopment": "34900000",
      "operatingExpenses": "92721000",
      "investmentIncomeNet": "None",
      "netInterestIncome": "21522000",
      "interestIncome": "11058000",
      "interestExpense": "None",
      "nonInterestIncome": "None",
      "otherNonOperatingIncome": "None",
      "depreciation": "None",
      "depreciationAndAmortization": "6849000",
      "incomeBeforeTax": "61586000",
      "incomeTaxExpense": "9241000",
      "interestAndDebtExpense": "None",
      "netIncomeFromContinuingOperations": "52345000",
      "comprehensiveIncomeNetOfTax": "None",
      "ebit": "35685000",
      "ebitda": "42534000",
      "netIncome": "52778000"
    },
    {
      "fiscalDateEnding": "2019-09-30",
      "reportedCurrency": "USD",
      "grossProfit": "139309000",
      "totalRevenue": "410556000",
      "costOfRevenue": "271247000",
      "costofGoodsAndServicesSold": "271247000",
      "operatingIncome": "66017000",
      "sellingGeneralAndAdministrative": "12214000",
      "researchAndDevelopment": "30747000",
      "operatingExpenses": "73292000",
      "investmentIncomeNet": "None",
      "netInterestIncome": "-17023000",
      "interestIncome": "17023000",
      "interestExpense": "17023000",
      "nonInterestIncome": "None",
      "otherNonOperatingIncome": "-17023000",
      "depreciation": "None",
      "depreciationAndAmortization": "7004000",
      "incomeBeforeTax": "48994000",
      "incomeTaxExpense": "7270000",
      "interestAndDebtExpense": "None",
      "netIncomeFromContinuingOperations": "41724000",
      "comprehensiveIncomeNetOfTax": "None",
      "ebit": "66017000",
      "ebitda": "73021000",
      "netIncome": "41627000"
    },
    {
      "fiscalDateEnding": "2019-06-30",
      "reportedCurrency": "USD",
      "grossProfit": "110670000",
      "totalRevenue": "325010000",
      "costOfRevenue": "214340000",
      "costofGoodsAndServicesSold": "214340000",
      "operatingIncome": "45353000",
      "sellingGeneralAndAdministrative": "13685000",
      "researchAndDevelopment": "29505000",
      "operatingExpenses": "65317000",
      "investmentIncomeNet": "None",
      "netInterestIncome": "773000",
      "interestIncome": "773000",
      "interestExpense": "17023000",
      "nonInterestIncome": "None",
      "otherNonOperatingIncome": "773000",
      "depreciation": "None",
      "depreciationAndAmortization": "7201000",
      "incomeBeforeTax": "46126000",
      "incomeTaxExpense": "13213000",
      "interestAndDebtExpense": "None",
      "netIncomeFromContinuingOperations": "32913000",
      "comprehensiveIncomeNetOfTax": "None",
      "ebit": "45353000",
      "ebitda": "52554000",
      "netIncome": "33128000"
    },
    {
      "fiscalDateEnding": "2019-03-31",
      "reportedCurrency": "USD",
      "grossProfit": "86110000",
      "totalRevenue": "271871000",
      "costOfRevenue": "185761000",
      "costofGoodsAndServicesSold": "185761000",
      "operatingIncome": "28048000",
      "sellingGeneralAndAdministrative": "11691000",
      "researchAndDevelopment": "26199000",
      "operatingExpenses": "58062000",
      "investmentIncomeNet": "None",
      "netInterestIncome": "-6151000",
      "interestIncome": "6151000",
      "interestExpense": "6151000",
      "nonInterestIncome": "None",
      "otherNonOperatingIncome": "-6151000",
      "depreciation": "None",
      "depreciationAndAmortization": "5841000",
      "incomeBeforeTax": "21897000",
      "incomeTaxExpense": "3922000",
      "interestAndDebtExpense": "None",
      "netIncomeFromContinuingOperations": "17975000",
      "comprehensiveIncomeNetOfTax": "None",
      "ebit": "28048000",
      "ebitda": "33889000",
      "netIncome": "19016000"
    },
    {
      "fiscalDateEnding": "2018-12-31",
      "reportedCurrency": "USD",
      "grossProfit": "79711000",
      "totalRevenue": "263670000",
      "costOfRevenue": "183959000",
      "costofGoodsAndServicesSold": "183959000",
      "operatingIncome": "23954000",
      "sellingGeneralAndAdministrative": "11837000",
      "researchAndDevelopment": "24710000",
      "operatingExpenses": "55757000",
      "investmentIncomeNet": "None",
      "netInterestIncome": "None",
      "interestIncome": "None",
      "interestExpense": "1801000",
      "nonInterestIncome": "None",
      "otherNonOperatingIncome": "None",
      "depreciation": "None",
      "depreciationAndAmortization": "4218000",
      "incomeBeforeTax": "24242000",
      "incomeTaxExpense": "12093000",
      "interestAndDebtExpense": "None",
      "netIncomeFromContinuingOperations": "12149000",
      "comprehensiveIncomeNetOfTax": "None",
      "ebit": "24242000",
      "ebitda": "28460000",
      "netIncome": "12936000"
    },
    {
      "fiscalDateEnding": "2018-09-30",
      "reportedCurrency": "USD",
      "grossProfit": "77982000",
      "totalRevenue": "236578000",
      "costOfRevenue": "158596000",
      "costofGoodsAndServicesSold": "158596000",
      "operatingIncome": "34037000",
      "sellingGeneralAndAdministrative": "6898000",
      "researchAndDevelopment": "20109000",
      "operatingExpenses": "43945000",
      "investmentIncomeNet": "None",
      "netInterestIncome": "None",
      "interestIncome": "None",
      "interestExpense": "689000",
      "nonInterestIncome": "None",
      "otherNonOperatingIncome": "-689000",
      "depreciation": "None",
      "depreciationAndAmortization": "3348000",
      "incomeBeforeTax": "33348000",
      "incomeTaxExpense": "-12295000",
      "interestAndDebtExpense": "None",
      "netIncomeFromContinuingOperations": "45643000",
      "comprehensiveIncomeNetOfTax": "None",
      "ebit": "34037000",
      "ebitda": "37385000",
      "netIncome": "45643000"
    },
    {
      "fiscalDateEnding": "2018-06-30",
      "reportedCurrency": "USD",
      "grossProfit": "81946000",
      "totalRevenue": "227118000",
      "costOfRevenue": "145172000",
      "costofGoodsAndServicesSold": "145172000",
      "operatingIncome": "40665000",
      "sellingGeneralAndAdministrative": "5776000",
      "researchAndDevelopment": "19551000",
      "operatingExpenses": "41281000",
      "investmentIncomeNet": "None",
      "netInterestIncome": "None",
      "interestIncome": "None",
      "interestExpense": "2480000",
      "nonInterestIncome": "None",
      "otherNonOperatingIncome": "-2480000",
      "depreciation": "None",
      "depreciationAndAmortization": "2623000",
      "incomeBeforeTax": "38185000",
      "incomeTaxExpense": "3617000",
      "interestAndDebtExpense": "None",
      "netIncomeFromContinuingOperations": "34568000",
      "comprehensiveIncomeNetOfTax": "None",
      "ebit": "40665000",
      "ebitda": "43288000",
      "netIncome": "34568000"
    },
    {
      "fiscalDateEnding": "2018-03-31",
      "reportedCurrency": "USD",
      "grossProfit": "79597000",
      "totalRevenue": "209871000",
      "costOfRevenue": "130274000",
      "costofGoodsAndServicesSold": "130274000",
      "operatingIncome": "40764000",
      "sellingGeneralAndAdministrative": "4753000",
      "researchAndDevelopment": "17875000",
      "operatingExpenses": "38833000",
      "investmentIncomeNet": "None",
      "netInterestIncome": "None",
      "interestIncome": "None",
      "interestExpense": "438000",
      "nonInterestIncome": "None",
      "otherNonOperatingIncome": "584000",
      "depreciation": "None",
      "depreciationAndAmortization": "2430000",
      "incomeBeforeTax": "41348000",
      "incomeTaxExpense": "5662000",
      "interestAndDebtExpense": "None",
      "netIncomeFromContinuingOperations": "35686000",
      "comprehensiveIncomeNetOfTax": "None",
      "ebit": "40764000",
      "ebitda": "43194000",
      "netIncome": "35686000"
    },
    {
      "fiscalDateEnding": "2017-12-31",
      "reportedCurrency": "USD",
      "grossProfit": "70970000",
      "totalRevenue": "189340000",
      "costOfRevenue": "118370000",
      "costofGoodsAndServicesSold": "118370000",
      "operatingIncome": "34571000",
      "sellingGeneralAndAdministrative": "5900000",
      "researchAndDevelopment": "16420000",
      "operatingExpenses": "36399000",
      "investmentIncomeNet": "None",
      "netInterestIncome": "None",
      "interestIncome": "None",
      "interestExpense": "3273000",
      "nonInterestIncome": "None",
      "otherNonOperatingIncome": "None",
      "depreciation": "None",
      "depreciationAndAmortization": "2223000",
      "incomeBeforeTax": "36058000",
      "incomeTaxExpense": "16556000",
      "interestAndDebtExpense": "None",
      "netIncomeFromContinuingOperations": "87074000",
      "comprehensiveIncomeNetOfTax": "None",
      "ebit": "36058000",
      "ebitda": "38281000",
      "netIncome": "19502000"
    },
    {
      "fiscalDateEnding": "2017-09-30",
      "reportedCurrency": "USD",
      "grossProfit": "58054000",
      "totalRevenue": "166552000",
      "costOfRevenue": "108498000",
      "costofGoodsAndServicesSold": "108498000",
      "operatingIncome": "25396000",
      "sellingGeneralAndAdministrative": "5078000",
      "researchAndDevelopment": "14363000",
      "operatingExpenses": "32658000",
      "investmentIncomeNet": "None",
      "netInterestIncome": "None",
      "interestIncome": "None",
      "interestExpense": "0",
      "nonInterestIncome": "None",
      "otherNonOperatingIncome": "2666000",
      "depreciation": "None",
      "depreciationAndAmortization": "1802000",
      "incomeBeforeTax": "28062000",
      "incomeTaxExpense": "91000",
      "interestAndDebtExpense": "None",
      "netIncomeFromContinuingOperations": "27971000",
      "comprehensiveIncomeNetOfTax": "None",
      "ebit": "25396000",
      "ebitda": "27198000",
      "netIncome": "27971000"
    },
    {
      "fiscalDateEnding": "2017-06-30",
      "reportedCurrency": "USD",
      "grossProfit": "47066000",
      "totalRevenue": "136099000",
      "costOfRevenue": "89033000",
      "costofGoodsAndServicesSold": "89033000",
      "operatingIncome": "19115000",
      "sellingGeneralAndAdministrative": "3265000",
      "researchAndDevelopment": "12725000",
      "operatingExpenses": "27951000",
      "investmentIncomeNet": "None",
      "netInterestIncome": "None",
      "interestIncome": "None",
      "interestExpense": "0",
      "nonInterestIncome": "None",
      "otherNonOperatingIncome": "3595000",
      "depreciation": "None",
      "depreciationAndAmortization": "1610000",
      "incomeBeforeTax": "22710000",
      "incomeTaxExpense": "186000",
      "interestAndDebtExpense": "None",
      "netIncomeFromContinuingOperations": "22524000",
      "comprehensiveIncomeNetOfTax": "None",
      "ebit": "19115000",
      "ebitda": "20725000",
      "netIncome": "22524000"
    },
    {
      "fiscalDateEnding": "2017-03-31",
      "reportedCurrency": "USD",
      "grossProfit": "38676000",
      "totalRevenue": "115054000",
      "costOfRevenue": "76378000",
      "costofGoodsAndServicesSold": "76378000",
      "operatingIncome": "12004000",
      "sellingGeneralAndAdministrative": "4439000",
      "researchAndDevelopment": "11458000",
      "operatingExpenses": "26672000",
      "investmentIncomeNet": "None",
      "netInterestIncome": "None",
      "interestIncome": "None",
      "interestExpense": "0",
      "nonInterestIncome": "None",
      "otherNonOperatingIncome": "1410000",
      "depreciation": "None",
      "depreciationAndAmortization": "1520000",
      "incomeBeforeTax": "13414000",
      "incomeTaxExpense": "-761000",
      "interestAndDebtExpense": "None",
      "netIncomeFromContinuingOperations": "14175000",
      "comprehensiveIncomeNetOfTax": "None",
      "ebit": "12004000",
      "ebitda": "13524000",
      "netIncome": "14175000"
    },
    {
      "fiscalDateEnding": "2016-12-31",
      "reportedCurrency": "USD",
      "grossProfit": "39025000",
      "totalRevenue": "111513000",
      "costOfRevenue": "72488000",
      "costofGoodsAndServicesSold": "72488000",
      "operatingIncome": "15147000",
      "sellingGeneralAndAdministrative": "1927000",
      "researchAndDevelopment": "10344000",
      "operatingExpenses": "28159000",
      "investmentIncomeNet": "None",
      "netInterestIncome": "None",
      "interestIncome": "None",
      "interestExpense": "2536000",
      "nonInterestIncome": "None",
      "otherNonOperatingIncome": "None",
      "depreciation": "None",
      "depreciationAndAmortization": "1467000",
      "incomeBeforeTax": "11968000",
      "incomeTaxExpense": "2203000",
      "interestAndDebtExpense": "None",
      "netIncomeFromContinuingOperations": "183562000",
      "comprehensiveIncomeNetOfTax": "None",
      "ebit": "15147000",
      "ebitda": "16614000",
      "netIncome": "9765000"
    },
    {
      "fiscalDateEnding": "2016-09-30",
      "reportedCurrency": "USD",
      "grossProfit": "41875000",
      "totalRevenue": "128484000",
      "costOfRevenue": "86609000",
      "costofGoodsAndServicesSold": "86609000",
      "operatingIncome": "18240000",
      "sellingGeneralAndAdministrative": "3664000",
      "researchAndDevelopment": "9935000",
      "operatingExpenses": "23635000",
      "investmentIncomeNet": "None",
      "netInterestIncome": "None",
      "interestIncome": "None",
      "interestExpense": "2536000",
      "nonInterestIncome": "None",
      "otherNonOperatingIncome": "390000",
      "depreciation": "None",
      "depreciationAndAmortization": "1292000",
      "incomeBeforeTax": "18630000",
      "incomeTaxExpense": "3014000",
      "interestAndDebtExpense": "None",
      "netIncomeFromContinuingOperations": "15616000",
      "comprehensiveIncomeNetOfTax": "None",
      "ebit": "18240000",
      "ebitda": "19532000",
      "netIncome": "15616000"
    },
    {
      "fiscalDateEnding": "2016-06-30",
      "reportedCurrency": "USD",
      "grossProfit": "39113000",
      "totalRevenue": "124752000",
      "costOfRevenue": "85639000",
      "costofGoodsAndServicesSold": "85639000",
      "operatingIncome": "17884000",
      "sellingGeneralAndAdministrative": "3067000",
      "researchAndDevelopment": "9232000",
      "operatingExpenses": "21229000",
      "investmentIncomeNet": "None",
      "netInterestIncome": "None",
      "interestIncome": "None",
      "interestExpense": "2536000",
      "nonInterestIncome": "None",
      "otherNonOperatingIncome": "None",
      "depreciation": "None",
      "depreciationAndAmortization": "1183000",
      "incomeBeforeTax": "17357000",
      "incomeTaxExpense": "84000",
      "interestAndDebtExpense": "None",
      "netIncomeFromContinuingOperations": "155536000",
      "comprehensiveIncomeNetOfTax": "None",
      "ebit": "18355000",
      "ebitda": "19538000",
      "netIncome": "17273000"
    },
    {
      "fiscalDateEnding": "2016-03-31",
      "reportedCurrency": "USD",
      "grossProfit": "40734000",
      "totalRevenue": "125205000",
      "costOfRevenue": "84471000",
      "costofGoodsAndServicesSold": "84471000",
      "operatingIncome": "19739000",
      "sellingGeneralAndAdministrative": "3460000",
      "researchAndDevelopment": "8709000",
      "operatingExpenses": "20995000",
      "investmentIncomeNet": "None",
      "netInterestIncome": "None",
      "interestIncome": "None",
      "interestExpense": "0",
      "nonInterestIncome": "None",
      "otherNonOperatingIncome": "2029000",
      "depreciation": "None",
      "depreciationAndAmortization": "993000",
      "incomeBeforeTax": "21768000",
      "incomeTaxExpense": "969000",
      "interestAndDebtExpense": "None",
      "netIncomeFromContinuingOperations": "20799000",
      "comprehensiveIncomeNetOfTax": "None",
      "ebit": "19739000",
      "ebitda": "20732000",
      "netIncome": "20799000"
    },
    {
      "fiscalDateEnding": "2015-12-31",
      "reportedCurrency": "USD",
      "grossProfit": "38582000",
      "totalRevenue": "124832000",
      "costOfRevenue": "86250000",
      "costofGoodsAndServicesSold": "86250000",
      "operatingIncome": "19262000",
      "sellingGeneralAndAdministrative": "2188000",
      "researchAndDevelopment": "8299000",
      "operatingExpenses": "19320000",
      "investmentIncomeNet": "None",
      "netInterestIncome": "None",
      "interestIncome": "None",
      "interestExpense": "959000",
      "nonInterestIncome": "None",
      "otherNonOperatingIncome": "-959000",
      "depreciation": "None",
      "depreciationAndAmortization": "912000",
      "incomeBeforeTax": "18303000",
      "incomeTaxExpense": "-5802000",
      "interestAndDebtExpense": "None",
      "netIncomeFromContinuingOperations": "24105000",
      "comprehensiveIncomeNetOfTax": "None",
      "ebit": "18350000",
      "ebitda": "19262000",
      "netIncome": "24105000"
    },
    {
      "fiscalDateEnding": "2015-09-30",
      "reportedCurrency": "USD",
      "grossProfit": "33527000",
      "totalRevenue": "115054000",
      "costOfRevenue": "81527000",
      "costofGoodsAndServicesSold": "81527000",
      "operatingIncome": "14874000",
      "sellingGeneralAndAdministrative": "3418000",
      "researchAndDevelopment": "6991000",
      "operatingExpenses": "18653000",
      "investmentIncomeNet": "None",
      "netInterestIncome": "None",
      "interestIncome": "None",
      "interestExpense": "72000",
      "nonInterestIncome": "None",
      "otherNonOperatingIncome": "-72000",
      "depreciation": "None",
      "depreciationAndAmortization": "759000",
      "incomeBeforeTax": "14802000",
      "incomeTaxExpense": "370000",
      "interestAndDebtExpense": "None",
      "netIncomeFromContinuingOperations": "14432000",
      "comprehensiveIncomeNetOfTax": "None",
      "ebit": "14115000",
      "ebitda": "14874000",
      "netIncome": "14432000"
    },
    {
      "fiscalDateEnding": "2015-06-30",
      "reportedCurrency": "USD",
      "grossProfit": "28271000",
      "totalRevenue": "98420000",
      "costOfRevenue": "70149000",
      "costofGoodsAndServicesSold": "70149000",
      "operatingIncome": "11873000",
      "sellingGeneralAndAdministrative": "2265000",
      "researchAndDevelopment": "6701000",
      "operatingExpenses": "16398000",
      "investmentIncomeNet": "None",
      "netInterestIncome": "None",
      "interestIncome": "None",
      "interestExpense": "2483000",
      "nonInterestIncome": "None",
      "otherNonOperatingIncome": "None",
      "depreciation": "None",
      "depreciationAndAmortization": "606000",
      "incomeBeforeTax": "10070000",
      "incomeTaxExpense": "809000",
      "interestAndDebtExpense": "None",
      "netIncomeFromContinuingOperations": "21121000",
      "comprehensiveIncomeNetOfTax": "None",
      "ebit": "7587000",
      "ebitda": "8193000",
      "netIncome": "9261000"
    },
    {
      "fiscalDateEnding": "2015-03-31",
      "reportedCurrency": "USD",
      "grossProfit": "23701000",
      "totalRevenue": "86399000",
      "costOfRevenue": "62698000",
      "costofGoodsAndServicesSold": "62698000",
      "operatingIncome": "9799000",
      "sellingGeneralAndAdministrative": "1990000",
      "researchAndDevelopment": "5490000",
      "operatingExpenses": "13902000",
      "investmentIncomeNet": "None",
      "netInterestIncome": "None",
      "interestIncome": "None",
      "interestExpense": "3436000",
      "nonInterestIncome": "None",
      "otherNonOperatingIncome": "-3436000",
      "depreciation": "None",
      "depreciationAndAmortization": "544000",
      "incomeBeforeTax": "6363000",
      "incomeTaxExpense": "398000",
      "interestAndDebtExpense": "None",
      "netIncomeFromContinuingOperations": "5965000",
      "comprehensiveIncomeNetOfTax": "None",
      "ebit": "9799000",
      "ebitda": "10343000",
      "netIncome": "5965000"
    },
    {
      "fiscalDateEnding": "2014-12-31",
      "reportedCurrency": "USD",
      "grossProfit": "15781000",
      "totalRevenue": "73290000",
      "costOfRevenue": "57509000",
      "costofGoodsAndServicesSold": "57509000",
      "operatingIncome": "4234000",
      "sellingGeneralAndAdministrative": "1121000",
      "researchAndDevelopment": "4768000",
      "operatingExpenses": "11547000",
      "investmentIncomeNet": "None",
      "netInterestIncome": "None",
      "interestIncome": "None",
      "interestExpense": "458000",
      "nonInterestIncome": "None",
      "otherNonOperatingIncome": "None",
      "depreciation": "None",
      "depreciationAndAmortization": "561000",
      "incomeBeforeTax": "3776000",
      "incomeTaxExpense": "401000",
      "interestAndDebtExpense": "None",
      "netIncomeFromContinuingOperations": "0",
      "comprehensiveIncomeNetOfTax": "None",
      "ebit": "4234000",
      "ebitda": "4795000",
      "netIncome": "3375000"
    },
    {
      "fiscalDateEnding": "2014-09-30",
      "reportedCurrency": "USD",
      "grossProfit": "14030000",
      "totalRevenue": "66969000",
      "costOfRevenue": "52939000",
      "costofGoodsAndServicesSold": "52939000",
      "operatingIncome": "2351000",
      "sellingGeneralAndAdministrative": "1159000",
      "researchAndDevelopment": "5059000",
      "operatingExpenses": "11679000",
      "investmentIncomeNet": "None",
      "netInterestIncome": "None",
      "interestIncome": "None",
      "interestExpense": "68000",
      "nonInterestIncome": "None",
      "otherNonOperatingIncome": "None",
      "depreciation": "None",
      "depreciationAndAmortization": "542000",
      "incomeBeforeTax": "2867000",
      "incomeTaxExpense": "347000",
      "interestAndDebtExpense": "None",
      "netIncomeFromContinuingOperations": "0",
      "comprehensiveIncomeNetOfTax": "None",
      "ebit": "2351000",
      "ebitda": "2893000",
      "netIncome": "2520000"
    },
    {
      "fiscalDateEnding": "2014-06-30",
      "reportedCurrency": "USD",
      "grossProfit": "8724000",
      "totalRevenue": "44573000",
      "costOfRevenue": "35849000",
      "costofGoodsAndServicesSold": "35849000",
      "operatingIncome": "-2440000",
      "sellingGeneralAndAdministrative": "1174000",
      "researchAndDevelopment": "4570000",
      "operatingExpenses": "11164000",
      "investmentIncomeNet": "None",
      "netInterestIncome": "None",
      "interestIncome": "None",
      "interestExpense": "327000",
      "nonInterestIncome": "None",
      "otherNonOperatingIncome": "None",
      "depreciation": "None",
      "depreciationAndAmortization": "527000",
      "incomeBeforeTax": "-2910000",
      "incomeTaxExpense": "132000",
      "interestAndDebtExpense": "None",
      "netIncomeFromContinuingOperations": "-21378000",
      "comprehensiveIncomeNetOfTax": "None",
      "ebit": "-3237000",
      "ebitda": "-2710000",
      "netIncome": "-3042000"
    },
    {
      "fiscalDateEnding": "2014-03-31",
      "reportedCurrency": "USD",
      "grossProfit": "6229000",
      "totalRevenue": "30560000",
      "costOfRevenue": "24331000",
      "costofGoodsAndServicesSold": "24331000",
      "operatingIncome": "-4545000",
      "sellingGeneralAndAdministrative": "1318000",
      "researchAndDevelopment": "4864000",
      "operatingExpenses": "10774000",
      "investmentIncomeNet": "None",
      "netInterestIncome": "None",
      "interestIncome": "None",
      "interestExpense": "626000",
      "nonInterestIncome": "None",
      "otherNonOperatingIncome": "None",
      "depreciation": "None",
      "depreciationAndAmortization": "496000",
      "incomeBeforeTax": "-5171000",
      "incomeTaxExpense": "67000",
      "interestAndDebtExpense": "None",
      "netIncomeFromContinuingOperations": "0",
      "comprehensiveIncomeNetOfTax": "None",
      "ebit": "-4545000",
      "ebitda": "-4049000",
      "netIncome": "-5238000"
    },
    {
      "fiscalDateEnding": "2013-12-31",
      "reportedCurrency": "USD",
      "grossProfit": "2960000",
      "totalRevenue": "27569000",
      "costOfRevenue": "24609000",
      "costofGoodsAndServicesSold": "24609000",
      "operatingIncome": "-6859000",
      "sellingGeneralAndAdministrative": "719000",
      "researchAndDevelopment": "4686000",
      "operatingExpenses": "10217000",
      "investmentIncomeNet": "None",
      "netInterestIncome": "None",
      "interestIncome": "None",
      "interestExpense": "1018000",
      "nonInterestIncome": "None",
      "otherNonOperatingIncome": "None",
      "depreciation": "None",
      "depreciationAndAmortization": "492000",
      "incomeBeforeTax": "-7773000",
      "incomeTaxExpense": "14000",
      "interestAndDebtExpense": "None",
      "netIncomeFromContinuingOperations": "0",
      "comprehensiveIncomeNetOfTax": "None",
      "ebit": "-6859000",
      "ebitda": "-6367000",
      "netIncome": "-7787000"
    },
    {
      "fiscalDateEnding": "2013-09-30",
      "reportedCurrency": "USD",
      "grossProfit": "4058000",
      "totalRevenue": "30515000",
      "costOfRevenue": "26457000",
      "costofGoodsAndServicesSold": "26457000",
      "operatingIncome": "-4527000",
      "sellingGeneralAndAdministrative": "509000",
      "researchAndDevelopment": "4136000",
      "operatingExpenses": "8860000",
      "investmentIncomeNet": "None",
      "netInterestIncome": "None",
      "interestIncome": "None",
      "interestExpense": "0",
      "nonInterestIncome": "None",
      "otherNonOperatingIncome": "None",
      "depreciation": "None",
      "depreciationAndAmortization": "463000",
      "incomeBeforeTax": "-5304000",
      "incomeTaxExpense": "7000",
      "interestAndDebtExpense": "None",
      "netIncomeFromContinuingOperations": "0",
      "comprehensiveIncomeNetOfTax": "None",
      "ebit": "-4527000",
      "ebitda": "-4064000",
      "netIncome": "-5311000"
    },
    {
      "fiscalDateEnding": "2013-06-30",
      "reportedCurrency": "USD",
      "grossProfit": "6251000",
      "totalRevenue": "22928000",
      "costOfRevenue": "20092000",
      "costofGoodsAndServicesSold": "20092000",
      "operatingIncome": "0",
      "sellingGeneralAndAdministrative": "8148000",
      "researchAndDevelopment": "3790000",
      "operatingExpenses": "0",
      "investmentIncomeNet": "None",
      "netInterestIncome": "None",
      "interestIncome": "None",
      "interestExpense": "1131000",
      "nonInterestIncome": "None",
      "otherNonOperatingIncome": "None",
      "depreciation": "None",
      "depreciationAndAmortization": "None",
      "incomeBeforeTax": "0",
      "incomeTaxExpense": "108000",
      "interestAndDebtExpense": "None",
      "netIncomeFromContinuingOperations": "0",
      "comprehensiveIncomeNetOfTax": "None",
      "ebit": "0",
      "ebitda": "None",
      "netIncome": "0"
    },
    {
      "fiscalDateEnding": "2013-03-31",
      "reportedCurrency": "USD",
      "grossProfit": "0",
      "totalRevenue": "14992000",
      "costOfRevenue": "13464000",
      "costofGoodsAndServicesSold": "13464000",
      "operatingIncome": "0",
      "sellingGeneralAndAdministrative": "8062000",
      "researchAndDevelopment": "4021000",
      "operatingExpenses": "0",
      "investmentIncomeNet": "None",
      "netInterestIncome": "None",
      "interestIncome": "None",
      "interestExpense": "0",
      "nonInterestIncome": "None",
      "otherNonOperatingIncome": "None",
      "depreciation": "None",
      "depreciationAndAmortization": "None",
      "incomeBeforeTax": "0",
      "incomeTaxExpense": "0",
      "interestAndDebtExpense": "None",
      "netIncomeFromContinuingOperations": "0",
      "comprehensiveIncomeNetOfTax": "None",
      "ebit": "0",
      "ebitda": "None",
      "netIncome": "0"
    },
    {
      "fiscalDateEnding": "2012-12-31",
      "reportedCurrency": "USD",
      "grossProfit": "0",
      "totalRevenue": "22631000",
      "costOfRevenue": "21406000",
      "costofGoodsAndServicesSold": "21406000",
      "operatingIncome": "0",
      "sellingGeneralAndAdministrative": "7698000",
      "researchAndDevelopment": "4041000",
      "operatingExpenses": "0",
      "investmentIncomeNet": "None",
      "netInterestIncome": "None",
      "interestIncome": "None",
      "interestExpense": "0",
      "nonInterestIncome": "None",
      "otherNonOperatingIncome": "None",
      "depreciation": "None",
      "depreciationAndAmortization": "None",
      "incomeBeforeTax": "0",
      "incomeTaxExpense": "0",
      "interestAndDebtExpense": "None",
      "netIncomeFromContinuingOperations": "0",
      "comprehensiveIncomeNetOfTax": "None",
      "ebit": "0",
      "ebitda": "None",
      "netIncome": "0"
    },
    {
      "fiscalDateEnding": "2012-09-30",
      "reportedCurrency": "USD",
      "grossProfit": "0",
      "totalRevenue": "18484000",
      "costOfRevenue": "19664000",
      "costofGoodsAndServicesSold": "19664000",
      "operatingIncome": "0",
      "sellingGeneralAndAdministrative": "7961000",
      "researchAndDevelopment": "3971000",
      "operatingExpenses": "0",
      "investmentIncomeNet": "None",
      "netInterestIncome": "None",
      "interestIncome": "None",
      "interestExpense": "0",
      "nonInterestIncome": "None",
      "otherNonOperatingIncome": "None",
      "depreciation": "None",
      "depreciationAndAmortization": "None",
      "incomeBeforeTax": "0",
      "incomeTaxExpense": "0",
      "interestAndDebtExpense": "None",
      "netIncomeFromContinuingOperations": "0",
      "comprehensiveIncomeNetOfTax": "None",
      "ebit": "0",
      "ebitda": "None",
      "netIncome": "0"
    }
  ]
}